<?xml version="1.0" encoding="UTF-8"?>
<!DOCTYPE html PUBLIC "-//W3C//DTD XHTML 1.0 Transitional//EN"
    "http://www.w3.org/TR/xhtml1/DTD/xhtml1-transitional.dtd">
<html xmlns="http://www.w3.org/1999/xhtml" xml:lang="en" lang="en">
 <head>
  <title>
</title>
<meta http-equiv="Content-Type" content="text/html;charset=utf-8" />
  <meta name='ocr-system' content='tesseract 3.04.00' />
  <meta name='ocr-capabilities' content='ocr_page ocr_carea ocr_par ocr_line ocrx_word'/>
</head>
<body>
  <div class='ocr_page' id='page_1' title='image "4771426_0060.png"; bbox 0 0 1968 2859; ppageno 0'>
   <div class='ocr_carea' id='block_1_1' title="bbox 390 408 1678 458">
    <p class='ocr_par' dir='ltr' id='par_1_1' title="bbox 390 408 1678 458">
     <span class='ocr_line' id='line_1_1' title="bbox 390 408 1678 458; baseline -0.001 -9"><span class='ocrx_word' id='word_1_1' title='bbox 390 409 562 458; x_wconf 89' lang='lat' dir='ltr'>RATIO,</span> <span class='ocrx_word' id='word_1_2' title='bbox 592 409 697 458; x_wconf 85' lang='lat' dir='ltr'>QUA</span> <span class='ocrx_word' id='word_1_3' title='bbox 726 409 797 449; x_wconf 92' lang='lat' dir='ltr'>EX</span> <span class='ocrx_word' id='word_1_4' title='bbox 824 409 1020 450; x_wconf 86' lang='lat' dir='ltr'>ATOMIS</span> <span class='ocrx_word' id='word_1_5' title='bbox 1048 410 1205 449; x_wconf 89' lang='lat' dir='ltr'>FIANT</span> <span class='ocrx_word' id='word_1_6' title='bbox 1232 409 1330 450; x_wconf 85' lang='lat' dir='ltr'>RES</span> <span class='ocrx_word' id='word_1_7' title='bbox 1359 408 1678 450; x_wconf 88' lang='lat' dir='ltr'><strong>CONCRETAE.</strong></span> 
     </span>
    </p>
   </div>
   <div class='ocr_carea' id='block_1_2' title="bbox 272 514 1725 1374">
    <p class='ocr_par' dir='ltr' id='par_1_2' title="bbox 272 514 1725 1374">
     <span class='ocr_line' id='line_1_2' title="bbox 276 514 1723 568; baseline -0.001 -15"><span class='ocrx_word' id='word_1_8' title='bbox 276 566 278 568; x_wconf 17' lang='lat' dir='ltr'>v</span> <span class='ocrx_word' id='word_1_9' title='bbox 456 514 583 564; x_wconf 87' lang='lat' dir='ltr'>Supra</span> <span class='ocrx_word' id='word_1_10' title='bbox 609 514 685 553; x_wconf 88' lang='lat' dir='ltr'>iam</span> <span class='ocrx_word' id='word_1_11' title='bbox 714 514 841 554; x_wconf 85' lang='lat' dir='ltr'><strong>edocti</strong></span> <span class='ocrx_word' id='word_1_12' title='bbox 867 526 1011 563; x_wconf 87' lang='lat' dir='ltr'>sumus,</span> <span class='ocrx_word' id='word_1_13' title='bbox 1048 517 1226 553; x_wconf 88' lang='lat' dir='ltr'>naturam</span> <span class='ocrx_word' id='word_1_14' title='bbox 1263 526 1310 554; x_wconf 87' lang='lat' dir='ltr'>ex</span> <span class='ocrx_word' id='word_1_15' title='bbox 1345 514 1564 564; x_wconf 87' lang='lat' dir='ltr'><strong>primordiis</strong></span> <span class='ocrx_word' id='word_1_16' title='bbox 1593 524 1723 553; x_wconf 90' lang='lat' dir='ltr'>omnes</span> 
     </span>
     <span class='ocr_line' id='line_1_3' title="bbox 272 587 1722 638; baseline -0.001 -11"><span class='ocrx_word' id='word_1_17' title='bbox 272 598 287 608; x_wconf 91' lang='grc'>··</span> <span class='ocrx_word' id='word_1_18' title='bbox 346 598 410 627; x_wconf 92' lang='lat' dir='ltr'>res</span> <span class='ocrx_word' id='word_1_19' title='bbox 439 598 585 636; x_wconf 89' lang='lat' dir='ltr'>creare,</span> <span class='ocrx_word' id='word_1_20' title='bbox 613 598 768 637; x_wconf 89' lang='lat' dir='ltr'>augere,</span> <span class='ocrx_word' id='word_1_21' title='bbox 798 587 913 636; x_wconf 89' lang='lat' dir='ltr'>alere,</span> <span class='ocrx_word' id='word_1_22' title='bbox 934 588 1089 627; x_wconf 92' lang='lat' dir='ltr'>numine</span> <span class='ocrx_word' id='word_1_23' title='bbox 1116 588 1245 638; x_wconf 88' lang='lat' dir='ltr'>aliquo</span> <span class='ocrx_word' id='word_1_24' title='bbox 1265 587 1392 627; x_wconf 90' lang='lat' dir='ltr'>divino</span> <span class='ocrx_word' id='word_1_25' title='bbox 1420 587 1574 626; x_wconf 91' lang='lat' dir='ltr'>minime</span> <span class='ocrx_word' id='word_1_26' title='bbox 1602 587 1722 626; x_wconf 91' lang='lat' dir='ltr'>inter-</span> 
     </span>
     <span class='ocr_line' id='line_1_4' title="bbox 348 661 1723 709; baseline -0.001 -8"><span class='ocrx_word' id='word_1_27' title='bbox 348 661 520 701; x_wconf 80' lang='lat' dir='ltr'>cedente.</span> <span class='ocrx_word' id='word_1_28' title='bbox 558 661 709 699; x_wconf 87' lang='lat' dir='ltr'>Natura</span> <span class='ocrx_word' id='word_1_29' title='bbox 736 663 866 706; x_wconf 83' lang='lat' dir='ltr'>autem</span> <span class='ocrx_word' id='word_1_30' title='bbox 892 661 997 699; x_wconf 89' lang='lat' dir='ltr'>aliud</span> <span class='ocrx_word' id='word_1_31' title='bbox 1016 661 1110 699; x_wconf 89' lang='lat' dir='ltr'><strong>nihil</strong></span> <span class='ocrx_word' id='word_1_32' title='bbox 1138 665 1209 709; x_wconf 89' lang='lat' dir='ltr'>est,</span> <span class='ocrx_word' id='word_1_33' title='bbox 1237 661 1311 700; x_wconf 92' lang='lat' dir='ltr'>nisi</span> <span class='ocrx_word' id='word_1_34' title='bbox 1330 666 1544 700; x_wconf 85' lang='lat' dir='ltr'>atomorum</span> <span class='ocrx_word' id='word_1_35' title='bbox 1572 671 1723 700; x_wconf 90' lang='lat' dir='ltr'>earum-</span> 
     </span>
     <span class='ocr_line' id='line_1_5' title="bbox 347 733 1724 791; baseline 0 -16"><span class='ocrx_word' id='word_1_36' title='bbox 347 747 421 786; x_wconf 89' lang='lat' dir='ltr'>que</span> <span class='ocrx_word' id='word_1_37' title='bbox 448 735 731 786; x_wconf 78' lang='lat' dir='ltr'>proprietatum</span> <span class='ocrx_word' id='word_1_38' title='bbox 766 734 806 774; x_wconf 92' lang='lat' dir='ltr'>in</span> <span class='ocrx_word' id='word_1_39' title='bbox 840 735 945 774; x_wconf 89' lang='lat' dir='ltr'>inani</span> <span class='ocrx_word' id='word_1_40' title='bbox 972 747 1136 791; x_wconf 84' lang='lat' dir='ltr'>summa,</span> <span class='ocrx_word' id='word_1_41' title='bbox 1175 747 1295 786; x_wconf 87' lang='lat' dir='ltr'>quare</span> <span class='ocrx_word' id='word_1_42' title='bbox 1330 738 1472 775; x_wconf 88' lang='lat' dir='ltr'>natura</span> <span class='ocrx_word' id='word_1_43' title='bbox 1512 734 1678 775; x_wconf 76' lang='lat' dir='ltr'>creatrix</span> <span class='ocrx_word' id='word_1_44' title='bbox 1686 733 1724 787; x_wconf 88' lang='lat'>*)</span> 
     </span>
     <span class='ocr_line' id='line_1_6' title="bbox 349 809 1725 858; baseline -0.001 -11"><span class='ocrx_word' id='word_1_45' title='bbox 349 810 407 848; x_wconf 90' lang='lat' dir='ltr'>ita</span> <span class='ocrx_word' id='word_1_46' title='bbox 442 809 697 858; x_wconf 87' lang='lat' dir='ltr'>intelligenda</span> <span class='ocrx_word' id='word_1_47' title='bbox 733 812 811 856; x_wconf 90' lang='lat' dir='ltr'>est,</span> <span class='ocrx_word' id='word_1_48' title='bbox 857 812 902 847; x_wconf 92' lang='lat' dir='ltr'>ut</span> <span class='ocrx_word' id='word_1_49' title='bbox 935 809 1053 847; x_wconf 88' lang='lat' dir='ltr'>atomi</span> <span class='ocrx_word' id='word_1_50' title='bbox 1088 809 1194 848; x_wconf 88' lang='lat' dir='ltr'>solae</span> <span class='ocrx_word' id='word_1_51' title='bbox 1230 812 1419 858; x_wconf 91' lang='lat' dir='ltr'>perpetuo</span> <span class='ocrx_word' id='word_1_52' title='bbox 1453 809 1651 857; x_wconf 86' lang='lat' dir='ltr'>agitentur</span> <span class='ocrx_word' id='word_1_53' title='bbox 1685 810 1725 846; x_wconf 91' lang='lat' dir='ltr'>et</span> 
     </span>
     <span class='ocr_line' id='line_1_7' title="bbox 348 879 1724 932; baseline -0.001 -11"><span class='ocrx_word' id='word_1_54' title='bbox 348 885 595 931; x_wconf 83' lang='lat' dir='ltr'>moveantur,</span> <span class='ocrx_word' id='word_1_55' title='bbox 635 893 735 932; x_wconf 90' lang='lat' dir='ltr'>quae</span> <span class='ocrx_word' id='word_1_56' title='bbox 762 893 879 925; x_wconf 70' lang='lat' dir='ltr'>mere,</span> <span class='ocrx_word' id='word_1_57' title='bbox 896 880 1074 930; x_wconf 89' lang='lat' dir='ltr'>fortuito,</span> <span class='ocrx_word' id='word_1_58' title='bbox 1120 879 1222 921; x_wconf 81' lang='lat' dir='ltr'>om&#39;ni</span> <span class='ocrx_word' id='word_1_59' title='bbox 1256 882 1415 923; x_wconf 92' lang='lat' dir='ltr'>consilio</span> <span class='ocrx_word' id='word_1_60' title='bbox 1453 881 1630 932; x_wconf 90' lang='lat' dir='ltr'>omnique</span> <span class='ocrx_word' id='word_1_61' title='bbox 1666 881 1724 920; x_wconf 92' lang='lat' dir='ltr'>in-</span> 
     </span>
     <span class='ocr_line' id='line_1_8' title="bbox 345 955 1723 1004; baseline -0.001 -10"><span class='ocrx_word' id='word_1_62' title='bbox 345 956 519 995; x_wconf 89' lang='lat' dir='ltr'>tentione</span> <span class='ocrx_word' id='word_1_63' title='bbox 547 955 715 1002; x_wconf 88' lang='lat' dir='ltr'>exclusa,</span> <span class='ocrx_word' id='word_1_64' title='bbox 743 966 807 994; x_wconf 88' lang='lat' dir='ltr'>res</span> <span class='ocrx_word' id='word_1_65' title='bbox 836 958 1036 994; x_wconf 91' lang='lat' dir='ltr'>concretas</span> <span class='ocrx_word' id='word_1_66' title='bbox 1063 956 1268 1004; x_wconf 86' lang='lat' dir='ltr'>genuerint</span> <span class='ocrx_word' id='word_1_67' title='bbox 1295 966 1523 1004; x_wconf 86' lang='lat' dir='ltr'>semperque</span> <span class='ocrx_word' id='word_1_68' title='bbox 1551 955 1723 1004; x_wconf 83' lang='lat' dir='ltr'>gignant.</span> 
     </span>
     <span class='ocr_line' id='line_1_9' title="bbox 346 1027 1724 1078; baseline 0 -12"><span class='ocrx_word' id='word_1_69' title='bbox 346 1028 483 1078; x_wconf 88' lang='lat' dir='ltr'>Neque</span> <span class='ocrx_word' id='word_1_70' title='bbox 511 1027 611 1067; x_wconf 91' lang='lat' dir='ltr'>enim</span> <span class='ocrx_word' id='word_1_71' title='bbox 639 1030 723 1066; x_wconf 88' lang='lat' dir='ltr'>tota</span> <span class='ocrx_word' id='word_1_72' title='bbox 759 1030 917 1076; x_wconf 87' lang='lat' dir='ltr'>natura,</span> <span class='ocrx_word' id='word_1_73' title='bbox 954 1039 1079 1077; x_wconf 91' lang='lat' dir='ltr'>neque</span> <span class='ocrx_word' id='word_1_74' title='bbox 1114 1028 1232 1067; x_wconf 86' lang='lat' dir='ltr'>atomi</span> <span class='ocrx_word' id='word_1_75' title='bbox 1267 1028 1441 1077; x_wconf 81' lang='lat' dir='ltr'>singulae</span> <span class='ocrx_word' id='word_1_76' title='bbox 1468 1028 1724 1067; x_wconf 88' lang='lat' dir='ltr'>conscientiae</span> 
     </span>
     <span class='ocr_line' id='line_1_10' title="bbox 346 1101 1724 1152; baseline -0.001 -11"><span class='ocrx_word' id='word_1_77' title='bbox 346 1103 535 1142; x_wconf 91' lang='lat' dir='ltr'>mentisve</span> <span class='ocrx_word' id='word_1_78' title='bbox 562 1101 773 1152; x_wconf 86' lang='lat' dir='ltr'>participes</span> <span class='ocrx_word' id='word_1_79' title='bbox 808 1102 1008 1141; x_wconf 86' lang='lat' dir='ltr'>ducendae</span> <span class='ocrx_word' id='word_1_80' title='bbox 1036 1105 1144 1151; x_wconf 90' lang='lat' dir='ltr'>sunt,</span> <span class='ocrx_word' id='word_1_81' title='bbox 1182 1103 1296 1141; x_wconf 93' lang='lat' dir='ltr'>immo</span> <span class='ocrx_word' id='word_1_82' title='bbox 1331 1113 1423 1141; x_wconf 90' lang='lat' dir='ltr'>vero</span> <span class='ocrx_word' id='word_1_83' title='bbox 1458 1102 1607 1141; x_wconf 87' lang='lat' dir='ltr'>animus</span> <span class='ocrx_word' id='word_1_84' title='bbox 1640 1101 1724 1151; x_wconf 91' lang='lat' dir='ltr'>ipse</span> 
     </span>
     <span class='ocr_line' id='line_1_11' title="bbox 347 1175 1724 1225; baseline -0.001 -10"><span class='ocrx_word' id='word_1_85' title='bbox 347 1176 485 1215; x_wconf 83' lang='lat' dir='ltr'>atomis</span> <span class='ocrx_word' id='word_1_86' title='bbox 513 1178 620 1215; x_wconf 90' lang='lat' dir='ltr'>totus</span> <span class='ocrx_word' id='word_1_87' title='bbox 648 1175 910 1225; x_wconf 86' lang='lat' dir='ltr'>constituitur,</span> <span class='ocrx_word' id='word_1_88' title='bbox 939 1175 1014 1215; x_wconf 89' lang='lat' dir='ltr'>alio</span> <span class='ocrx_word' id='word_1_89' title='bbox 1042 1187 1119 1215; x_wconf 91' lang='lat' dir='ltr'>non</span> <span class='ocrx_word' id='word_1_90' title='bbox 1145 1176 1308 1216; x_wconf 90' lang='lat' dir='ltr'>adiecto.</span> <span class='ocrx_word' id='word_1_91' title='bbox 1360 1176 1481 1223; x_wconf 84' lang='lat' dir='ltr'>Quam</span> <span class='ocrx_word' id='word_1_92' title='bbox 1509 1175 1724 1215; x_wconf 86' lang='lat' dir='ltr'>doctrinam</span> 
     </span>
     <span class='ocr_line' id='line_1_12' title="bbox 345 1249 1723 1299; baseline -0.001 -10"><span class='ocrx_word' id='word_1_93' title='bbox 345 1253 504 1299; x_wconf 89' lang='lat' dir='ltr'>praeter</span> <span class='ocrx_word' id='word_1_94' title='bbox 545 1249 688 1288; x_wconf 88' lang='lat' dir='ltr'>multos</span> <span class='ocrx_word' id='word_1_95' title='bbox 729 1249 826 1288; x_wconf 90' lang='lat' dir='ltr'>alios</span> <span class='ocrx_word' id='word_1_96' title='bbox 862 1249 967 1289; x_wconf 87' lang='lat' dir='ltr'>locos</span> <span class='ocrx_word' id='word_1_97' title='bbox 1004 1250 1167 1288; x_wconf 87' lang='lat' dir='ltr'>maxime</span> <span class='ocrx_word' id='word_1_98' title='bbox 1196 1250 1357 1289; x_wconf 90' lang='lat' dir='ltr'>tradunt</span> <span class='ocrx_word' id='word_1_99' title='bbox 1388 1250 1632 1299; x_wconf 89' lang='lat' dir='ltr'>perspicuam</span> <span class='ocrx_word' id='word_1_100' title='bbox 1668 1249 1723 1287; x_wconf 91' lang='lat' dir='ltr'>illi</span> 
     </span>
     <span class='ocr_line' id='line_1_13' title="bbox 347 1322 1397 1374; baseline -0.001 -13"><span class='ocrx_word' id='word_1_101' title='bbox 347 1322 521 1362; x_wconf 91' lang='lat' dir='ltr'>Lucretii</span> <span class='ocrx_word' id='word_1_102' title='bbox 548 1333 699 1370; x_wconf 86' lang='lat' dir='ltr'>versus,</span> <span class='ocrx_word' id='word_1_103' title='bbox 728 1322 867 1372; x_wconf 89' lang='lat' dir='ltr'>quibus</span> <span class='ocrx_word' id='word_1_104' title='bbox 895 1323 1135 1374; x_wconf 81' lang='grc' dir='ltr'><em>κοσμογονία</em></span> <span class='ocrx_word' id='word_1_105' title='bbox 1161 1323 1397 1361; x_wconf 86' lang='lat' dir='ltr'>illustratur:</span> 
     </span>
    </p>
   </div>
   <div class='ocr_carea' id='block_1_3' title="bbox 346 1417 1629 1752">
    <p class='ocr_par' dir='ltr' id='par_1_3' title="bbox 346 1417 1629 1752">
     <span class='ocr_line' id='line_1_14' title="bbox 346 1417 1417 1463; baseline -0.001 -9"><span class='ocrx_word' id='word_1_106' title='bbox 346 1418 389 1462; x_wconf 89' lang='lat' dir='ltr'>V,</span> <span class='ocrx_word' id='word_1_107' title='bbox 413 1420 499 1454; x_wconf 88' lang='lat'>416:</span> <span class='ocrx_word' id='word_1_108' title='bbox 533 1417 631 1463; x_wconf 88' lang='lat' dir='ltr'>„Sed</span> <span class='ocrx_word' id='word_1_109' title='bbox 656 1417 788 1463; x_wconf 85' lang='lat' dir='ltr'>quibus</span> <span class='ocrx_word' id='word_1_110' title='bbox 812 1417 875 1453; x_wconf 91' lang='lat' dir='ltr'>ille</span> <span class='ocrx_word' id='word_1_111' title='bbox 899 1417 1018 1453; x_wconf 86' lang='lat' dir='ltr'>modis</span> <span class='ocrx_word' id='word_1_112' title='bbox 1043 1417 1228 1453; x_wconf 87' lang='lat' dir='ltr'>coniectus</span> <span class='ocrx_word' id='word_1_113' title='bbox 1252 1417 1417 1453; x_wconf 84' lang='lat' dir='ltr'>materiai</span> 
     </span>
     <span class='ocr_line' id='line_1_15' title="bbox 508 1474 1509 1522; baseline 0 -11"><span class='ocrx_word' id='word_1_114' title='bbox 508 1500 510 1502; x_wconf 93' lang='lat'>-</span> <span class='ocrx_word' id='word_1_115' title='bbox 532 1475 717 1522; x_wconf 83' lang='lat' dir='ltr'>„fundarit</span> <span class='ocrx_word' id='word_1_116' title='bbox 739 1477 871 1511; x_wconf 82' lang='lat' dir='ltr'>terram</span> <span class='ocrx_word' id='word_1_117' title='bbox 896 1477 933 1511; x_wconf 83' lang='lat' dir='ltr'>et</span> <span class='ocrx_word' id='word_1_118' title='bbox 956 1475 1097 1511; x_wconf 88' lang='lat' dir='ltr'>coelum</span> <span class='ocrx_word' id='word_1_119' title='bbox 1120 1475 1293 1521; x_wconf 84' lang='lat' dir='ltr'>pontique</span> <span class='ocrx_word' id='word_1_120' title='bbox 1317 1474 1509 1521; x_wconf 84' lang='lat' dir='ltr'>profunda,</span> 
     </span>
     <span class='ocr_line' id='line_1_16' title="bbox 533 1533 1348 1579; baseline -0.001 -10"><span class='ocrx_word' id='word_1_121' title='bbox 533 1533 657 1579; x_wconf 84' lang='lat' dir='ltr'>„solis,</span> <span class='ocrx_word' id='word_1_122' title='bbox 680 1533 789 1569; x_wconf 86' lang='lat' dir='ltr'>lunae</span> <span class='ocrx_word' id='word_1_123' title='bbox 815 1543 954 1578; x_wconf 74' lang='lat' dir='ltr'>cursuS,</span> <span class='ocrx_word' id='word_1_124' title='bbox 979 1544 1024 1569; x_wconf 83' lang='lat' dir='ltr'>ex</span> <span class='ocrx_word' id='word_1_125' title='bbox 1049 1533 1177 1569; x_wconf 85' lang='lat' dir='ltr'>ordine</span> <span class='ocrx_word' id='word_1_126' title='bbox 1202 1544 1348 1579; x_wconf 85' lang='lat' dir='ltr'>ponam,</span> 
     </span>
     <span class='ocr_line' id='line_1_17' title="bbox 534 1591 1448 1637; baseline -0.001 -10"><span class='ocrx_word' id='word_1_127' title='bbox 534 1602 643 1637; x_wconf 86' lang='lat' dir='ltr'>„nam</span> <span class='ocrx_word' id='word_1_128' title='bbox 666 1593 764 1627; x_wconf 85' lang='lat' dir='ltr'>certe</span> <span class='ocrx_word' id='word_1_129' title='bbox 787 1602 906 1637; x_wconf 88' lang='lat' dir='ltr'>neque</span> <span class='ocrx_word' id='word_1_130' title='bbox 932 1591 1087 1627; x_wconf 88' lang='lat' dir='ltr'>concilia</span> <span class='ocrx_word' id='word_1_131' title='bbox 1108 1591 1306 1637; x_wconf 88' lang='lat' dir='ltr'>primordia</span> <span class='ocrx_word' id='word_1_132' title='bbox 1328 1601 1448 1626; x_wconf 89' lang='lat' dir='ltr'>rerum</span> 
     </span>
     <span class='ocr_line' id='line_1_18' title="bbox 534 1649 1528 1694; baseline -0.001 -10"><span class='ocrx_word' id='word_1_133' title='bbox 534 1649 685 1694; x_wconf 90' lang='lat' dir='ltr'>„ordine</span> <span class='ocrx_word' id='word_1_134' title='bbox 709 1659 750 1684; x_wconf 92' lang='lat' dir='ltr'>se</span> <span class='ocrx_word' id='word_1_135' title='bbox 775 1660 840 1685; x_wconf 90' lang='lat' dir='ltr'>suo</span> <span class='ocrx_word' id='word_1_136' title='bbox 866 1659 1034 1694; x_wconf 87' lang='lat' dir='ltr'>quaeque</span> <span class='ocrx_word' id='word_1_137' title='bbox 1059 1649 1184 1694; x_wconf 85' lang='lat' dir='ltr'>sagaci</span> <span class='ocrx_word' id='word_1_138' title='bbox 1207 1651 1327 1684; x_wconf 88' lang='lat' dir='ltr'>mente</span> <span class='ocrx_word' id='word_1_139' title='bbox 1351 1649 1528 1693; x_wconf 85' lang='lat' dir='ltr'>locarunt,</span> 
     </span>
     <span class='ocr_line' id='line_1_19' title="bbox 536 1704 1629 1752; baseline -0.002 -10"><span class='ocrx_word' id='word_1_140' title='bbox 536 1717 628 1752; x_wconf 90' lang='lat' dir='ltr'>„nec</span> <span class='ocrx_word' id='word_1_141' title='bbox 652 1716 745 1751; x_wconf 85' lang='lat' dir='ltr'>quos</span> <span class='ocrx_word' id='word_1_142' title='bbox 770 1717 937 1752; x_wconf 85' lang='lat' dir='ltr'>quaeque</span> <span class='ocrx_word' id='word_1_143' title='bbox 963 1706 1093 1742; x_wconf 86' lang='lat' dir='ltr'>darent</span> <span class='ocrx_word' id='word_1_144' title='bbox 1115 1708 1233 1742; x_wconf 85' lang='lat' dir='ltr'>motus</span> <span class='ocrx_word' id='word_1_145' title='bbox 1257 1706 1431 1751; x_wconf 89' lang='lat' dir='ltr'>pepigere</span> <span class='ocrx_word' id='word_1_146' title='bbox 1454 1704 1629 1751; x_wconf 89' lang='lat' dir='ltr'>profecto,</span> 
     </span>
    </p>
   </div>
   <div class='ocr_carea' id='block_1_4' title="bbox 399 1906 1723 2625">
    <p class='ocr_par' dir='ltr' id='par_1_4' title="bbox 399 1906 1723 2625">
     <span class='ocr_line' id='line_1_20' title="bbox 399 1906 1723 1950; baseline -0.002 -9"><span class='ocrx_word' id='word_1_147' title='bbox 399 1909 428 1949; x_wconf 87' lang='lat'>*)</span> <span class='ocrx_word' id='word_1_148' title='bbox 473 1909 602 1950; x_wconf 88' lang='lat' dir='ltr'>Optime</span> <span class='ocrx_word' id='word_1_149' title='bbox 623 1908 862 1949; x_wconf 85' lang='lat' dir='ltr'>praeclareque</span> <span class='ocrx_word' id='word_1_150' title='bbox 884 1908 947 1940; x_wconf 84' lang='lat' dir='ltr'>hac</span> <span class='ocrx_word' id='word_1_151' title='bbox 969 1908 1011 1940; x_wconf 92' lang='lat' dir='ltr'>de</span> <span class='ocrx_word' id='word_1_152' title='bbox 1040 1917 1077 1940; x_wconf 90' lang='lat' dir='ltr'>re</span> <span class='ocrx_word' id='word_1_153' title='bbox 1101 1911 1171 1940; x_wconf 85' lang='lat' dir='ltr'>tota</span> <span class='ocrx_word' id='word_1_154' title='bbox 1191 1908 1416 1940; x_wconf 89' lang='lat' dir='ltr'>Atomicorum</span> <span class='ocrx_word' id='word_1_155' title='bbox 1445 1906 1534 1939; x_wconf 88' lang='lat' dir='ltr'>fictio</span> <span class='ocrx_word' id='word_1_156' title='bbox 1556 1907 1723 1939; x_wconf 83' lang='lat' dir='ltr'>refellitur</span> 
     </span>
     <span class='ocr_line' id='line_1_21' title="bbox 473 1960 1722 2002; baseline -0.002 -8"><span class='ocrx_word' id='word_1_157' title='bbox 473 1972 492 1994; x_wconf 91' lang='lat' dir='ltr'>a</span> <span class='ocrx_word' id='word_1_158' title='bbox 509 1961 695 2002; x_wconf 83' lang='lat' dir='ltr'>Lactantio,</span> <span class='ocrx_word' id='word_1_159' title='bbox 719 1961 774 2002; x_wconf 90' lang='lat' dir='ltr'>qui</span> <span class='ocrx_word' id='word_1_160' title='bbox 796 1961 830 1993; x_wconf 91' lang='lat' dir='ltr'>id</span> <span class='ocrx_word' id='word_1_161' title='bbox 851 1961 960 2002; x_wconf 91' lang='lat' dir='ltr'>ipsum</span> <span class='ocrx_word' id='word_1_162' title='bbox 982 1970 1095 1993; x_wconf 91' lang='lat' dir='ltr'>omnes</span> <span class='ocrx_word' id='word_1_163' title='bbox 1117 1970 1172 1993; x_wconf 87' lang='lat' dir='ltr'>res</span> <span class='ocrx_word' id='word_1_164' title='bbox 1195 1960 1278 1993; x_wconf 91' lang='lat' dir='ltr'>nihil</span> <span class='ocrx_word' id='word_1_165' title='bbox 1301 1960 1366 1993; x_wconf 84' lang='lat' dir='ltr'>nisi</span> <span class='ocrx_word' id='word_1_166' title='bbox 1389 1963 1570 1993; x_wconf 89' lang='lat' dir='ltr'>atomorum</span> <span class='ocrx_word' id='word_1_167' title='bbox 1592 1969 1722 1992; x_wconf 89' lang='lat' dir='ltr'>coacer-</span> 
     </span>
     <span class='ocr_line' id='line_1_22' title="bbox 473 2011 1723 2053; baseline -0.002 -7"><span class='ocrx_word' id='word_1_168' title='bbox 473 2014 622 2046; x_wconf 83' lang='lat' dir='ltr'>vationes</span> <span class='ocrx_word' id='word_1_169' title='bbox 637 2013 775 2045; x_wconf 85' lang='lat' dir='ltr'>rationis</span> <span class='ocrx_word' id='word_1_170' title='bbox 792 2017 947 2053; x_wconf 84' lang='lat' dir='ltr'>expertes</span> <span class='ocrx_word' id='word_1_171' title='bbox 967 2021 1123 2053; x_wconf 85' lang='lat' dir='ltr'>mereque</span> <span class='ocrx_word' id='word_1_172' title='bbox 1146 2013 1281 2045; x_wconf 88' lang='lat' dir='ltr'>fortuito</span> <span class='ocrx_word' id='word_1_173' title='bbox 1303 2013 1406 2045; x_wconf 86' lang='lat' dir='ltr'>factas</span> <span class='ocrx_word' id='word_1_174' title='bbox 1430 2022 1504 2044; x_wconf 91' lang='lat' dir='ltr'>esse</span> <span class='ocrx_word' id='word_1_175' title='bbox 1527 2011 1723 2052; x_wconf 84' lang='lat' dir='ltr'>concedens,</span> 
     </span>
     <span class='ocr_line' id='line_1_23' title="bbox 474 2063 1723 2111; baseline -0.002 -13"><span class='ocrx_word' id='word_1_176' title='bbox 474 2069 508 2098; x_wconf 83' lang='lat' dir='ltr'>at</span> <span class='ocrx_word' id='word_1_177' title='bbox 530 2065 652 2098; x_wconf 86' lang='lat' dir='ltr'>deinde</span> <span class='ocrx_word' id='word_1_178' title='bbox 674 2065 844 2097; x_wconf 84' lang='lat' dir='ltr'>invertens</span> <span class='ocrx_word' id='word_1_179' title='bbox 867 2069 983 2097; x_wconf 88' lang='lat' dir='ltr'>contra</span> <span class='ocrx_word' id='word_1_180' title='bbox 1004 2070 1157 2111; x_wconf 83' lang='lat' dir='ltr'>auctores</span> <span class='ocrx_word' id='word_1_181' title='bbox 1179 2064 1286 2097; x_wconf 87' lang='lat' dir='ltr'>tendit</span> <span class='ocrx_word' id='word_1_182' title='bbox 1308 2064 1422 2097; x_wconf 88' lang='lat' dir='ltr'>dicens</span> <span class='ocrx_word' id='word_1_183' title='bbox 1444 2065 1479 2096; x_wconf 92' lang='lat' dir='ltr'>in</span> <span class='ocrx_word' id='word_1_184' title='bbox 1500 2064 1587 2096; x_wconf 89' lang='lat' dir='ltr'>libro</span> <span class='ocrx_word' id='word_1_185' title='bbox 1609 2063 1650 2095; x_wconf 87' lang='lat' dir='ltr'>de</span> <span class='ocrx_word' id='word_1_186' title='bbox 1672 2063 1723 2095; x_wconf 85' lang='lat' dir='ltr'>ira</span> 
     </span>
     <span class='ocr_line' id='line_1_24' title="bbox 474 2115 1723 2160; baseline -0.003 -8"><span class='ocrx_word' id='word_1_187' title='bbox 474 2118 529 2152; x_wconf 89' lang='lat' dir='ltr'>dei</span> <span class='ocrx_word' id='word_1_188' title='bbox 551 2128 622 2160; x_wconf 86' lang='lat' dir='ltr'>cap.</span> <span class='ocrx_word' id='word_1_189' title='bbox 644 2119 689 2151; x_wconf 91' lang='lat' dir='ltr'>X:</span> <span class='ocrx_word' id='word_1_190' title='bbox 719 2117 807 2160; x_wconf 83' lang='lat' dir='ltr'>„Sed</span> <span class='ocrx_word' id='word_1_191' title='bbox 829 2118 1060 2160; x_wconf 88' lang='lat' dir='ltr'>concedamus,</span> <span class='ocrx_word' id='word_1_192' title='bbox 1083 2121 1119 2151; x_wconf 84' lang='lat' dir='ltr'>ut</span> <span class='ocrx_word' id='word_1_193' title='bbox 1141 2118 1273 2160; x_wconf 89' lang='lat' dir='ltr'>impune</span> <span class='ocrx_word' id='word_1_194' title='bbox 1297 2117 1337 2151; x_wconf 91' lang='lat' dir='ltr'>de</span> <span class='ocrx_word' id='word_1_195' title='bbox 1360 2117 1490 2151; x_wconf 85' lang='lat' dir='ltr'>mundis</span> <span class='ocrx_word' id='word_1_196' title='bbox 1513 2115 1723 2157; x_wconf 75' lang='lat' dir='ltr'>deliraverit,</span> 
     </span>
     <span class='ocr_line' id='line_1_25' title="bbox 473 2168 1723 2211; baseline -0.002 -8"><span class='ocrx_word' id='word_1_197' title='bbox 473 2172 514 2203; x_wconf 89' lang='lat' dir='ltr'>de</span> <span class='ocrx_word' id='word_1_198' title='bbox 536 2173 599 2204; x_wconf 90' lang='lat' dir='ltr'>hoc</span> <span class='ocrx_word' id='word_1_199' title='bbox 621 2171 805 2211; x_wconf 84' lang='lat' dir='ltr'>loquamur,</span> <span class='ocrx_word' id='word_1_200' title='bbox 827 2172 862 2203; x_wconf 91' lang='lat' dir='ltr'>in</span> <span class='ocrx_word' id='word_1_201' title='bbox 887 2181 950 2211; x_wconf 92' lang='lat' dir='ltr'>quo</span> <span class='ocrx_word' id='word_1_202' title='bbox 974 2180 1085 2203; x_wconf 87' lang='lat' dir='ltr'>sumus</span> <span class='ocrx_word' id='word_1_203' title='bbox 1108 2174 1141 2203; x_wconf 87' lang='lat' dir='ltr'>et</span> <span class='ocrx_word' id='word_1_204' title='bbox 1164 2180 1260 2211; x_wconf 89' lang='lat' dir='ltr'>quem</span> <span class='ocrx_word' id='word_1_205' title='bbox 1281 2171 1438 2203; x_wconf 87' lang='lat' dir='ltr'>videmus.</span> <span class='ocrx_word' id='word_1_206' title='bbox 1471 2170 1529 2202; x_wconf 89' lang='lat' dir='ltr'>Ait</span> <span class='ocrx_word' id='word_1_207' title='bbox 1551 2169 1660 2202; x_wconf 88' lang='lat' dir='ltr'>omnia</span> <span class='ocrx_word' id='word_1_208' title='bbox 1682 2168 1723 2201; x_wconf 75' lang='lat' dir='ltr'>eir</span> 
     </span>
     <span class='ocr_line' id='line_1_26' title="bbox 473 2222 1723 2265; baseline -0.002 -9"><span class='ocrx_word' id='word_1_209' title='bbox 473 2223 652 2256; x_wconf 91' lang='lat' dir='ltr'>individuis</span> <span class='ocrx_word' id='word_1_210' title='bbox 675 2223 881 2265; x_wconf 87' lang='lat' dir='ltr'>corpusculis</span> <span class='ocrx_word' id='word_1_211' title='bbox 911 2222 993 2255; x_wconf 92' lang='lat' dir='ltr'>fieri.</span> <span class='ocrx_word' id='word_1_212' title='bbox 1039 2223 1074 2256; x_wconf 91' lang='lat' dir='ltr'>Si</span> <span class='ocrx_word' id='word_1_213' title='bbox 1095 2223 1158 2255; x_wconf 89' lang='lat' dir='ltr'>hoc</span> <span class='ocrx_word' id='word_1_214' title='bbox 1181 2223 1227 2256; x_wconf 88' lang='lat' dir='ltr'>ita</span> <span class='ocrx_word' id='word_1_215' title='bbox 1250 2227 1358 2264; x_wconf 87' lang='lat' dir='ltr'>esset,</span> <span class='ocrx_word' id='word_1_216' title='bbox 1389 2222 1557 2255; x_wconf 78' lang='lat' dir='ltr'>nuHares</span> <span class='ocrx_word' id='word_1_217' title='bbox 1579 2231 1723 2263; x_wconf 88' lang='lat' dir='ltr'>unquam</span> 
     </span>
     <span class='ocr_line' id='line_1_27' title="bbox 474 2276 1723 2318; baseline -0.002 -9"><span class='ocrx_word' id='word_1_218' title='bbox 474 2277 525 2309; x_wconf 91' lang='lat' dir='ltr'>sui</span> <span class='ocrx_word' id='word_1_219' title='bbox 546 2277 679 2318; x_wconf 86' lang='lat' dir='ltr'>generis</span> <span class='ocrx_word' id='word_1_220' title='bbox 703 2276 831 2309; x_wconf 88' lang='lat' dir='ltr'>semina</span> <span class='ocrx_word' id='word_1_221' title='bbox 852 2276 1033 2317; x_wconf 79' lang='lat' dir='ltr'>indigeret3</span> <span class='ocrx_word' id='word_1_222' title='bbox 1056 2276 1128 2308; x_wconf 88' lang='lat' dir='ltr'>sine</span> <span class='ocrx_word' id='word_1_223' title='bbox 1151 2277 1221 2309; x_wconf 91' lang='lat' dir='ltr'>ovis</span> <span class='ocrx_word' id='word_1_224' title='bbox 1244 2276 1340 2309; x_wconf 86' lang='lat' dir='ltr'>alites</span> <span class='ocrx_word' id='word_1_225' title='bbox 1362 2279 1580 2308; x_wconf 86' lang='lat' dir='ltr'>nascerentur</span> <span class='ocrx_word' id='word_1_226' title='bbox 1602 2285 1639 2308; x_wconf 85' lang='lat' dir='ltr'>ac</span> <span class='ocrx_word' id='word_1_227' title='bbox 1662 2284 1723 2307; x_wconf 84' lang='lat' dir='ltr'>ova</span> 
     </span>
     <span class='ocr_line' id='line_1_28' title="bbox 473 2327 1722 2369; baseline -0.001 -9"><span class='ocrx_word' id='word_1_228' title='bbox 473 2329 545 2360; x_wconf 91' lang='lat' dir='ltr'>sine</span> <span class='ocrx_word' id='word_1_229' title='bbox 566 2333 680 2369; x_wconf 89' lang='lat' dir='ltr'>partu,</span> <span class='ocrx_word' id='word_1_230' title='bbox 712 2329 791 2360; x_wconf 89' lang='lat' dir='ltr'>item</span> <span class='ocrx_word' id='word_1_231' title='bbox 814 2332 927 2360; x_wconf 86' lang='lat' dir='ltr'>cetera</span> <span class='ocrx_word' id='word_1_232' title='bbox 948 2329 1092 2360; x_wconf 85' lang='lat' dir='ltr'>viventia</span> <span class='ocrx_word' id='word_1_233' title='bbox 1115 2329 1185 2360; x_wconf 90' lang='lat' dir='ltr'>sine</span> <span class='ocrx_word' id='word_1_234' title='bbox 1213 2328 1319 2369; x_wconf 80' lang='lat' dir='ltr'>coitu3</span> <span class='ocrx_word' id='word_1_235' title='bbox 1354 2328 1491 2360; x_wconf 85' lang='lat' dir='ltr'>arbores</span> <span class='ocrx_word' id='word_1_236' title='bbox 1515 2331 1547 2359; x_wconf 92' lang='lat' dir='ltr'>et</span> <span class='ocrx_word' id='word_1_237' title='bbox 1570 2336 1653 2368; x_wconf 90' lang='lat' dir='ltr'>quae</span> <span class='ocrx_word' id='word_1_238' title='bbox 1675 2327 1722 2367; x_wconf 87' lang='lat' dir='ltr'>gi—</span> 
     </span>
     <span class='ocr_line' id='line_1_29' title="bbox 471 2378 1722 2422; baseline -0.002 -9"><span class='ocrx_word' id='word_1_239' title='bbox 471 2385 616 2422; x_wconf 87' lang='lat' dir='ltr'>gnuntur</span> <span class='ocrx_word' id='word_1_240' title='bbox 639 2390 656 2413; x_wconf 91' lang='lat' dir='ltr'>e</span> <span class='ocrx_word' id='word_1_241' title='bbox 678 2384 770 2413; x_wconf 87' lang='lat' dir='ltr'>terra</span> <span class='ocrx_word' id='word_1_242' title='bbox 790 2381 926 2422; x_wconf 88' lang='lat' dir='ltr'>propria</span> <span class='ocrx_word' id='word_1_243' title='bbox 948 2380 1075 2414; x_wconf 88' lang='lat' dir='ltr'>semina</span> <span class='ocrx_word' id='word_1_244' title='bbox 1096 2390 1162 2413; x_wconf 91' lang='lat' dir='ltr'>non</span> <span class='ocrx_word' id='word_1_245' title='bbox 1183 2381 1362 2422; x_wconf 87' lang='lat' dir='ltr'>haberent,</span> <span class='ocrx_word' id='word_1_246' title='bbox 1386 2389 1468 2421; x_wconf 89' lang='lat' dir='ltr'>quae</span> <span class='ocrx_word' id='word_1_247' title='bbox 1490 2389 1550 2412; x_wconf 88' lang='lat' dir='ltr'>nos</span> <span class='ocrx_word' id='word_1_248' title='bbox 1574 2378 1722 2421; x_wconf 84' lang='lat' dir='ltr'>quotidie</span> 
     </span>
     <span class='ocr_line' id='line_1_30' title="bbox 472 2433 1720 2474; baseline -0.001 -9"><span class='ocrx_word' id='word_1_249' title='bbox 472 2437 652 2465; x_wconf 84' lang='lat' dir='ltr'>tractamus</span> <span class='ocrx_word' id='word_1_250' title='bbox 676 2437 708 2465; x_wconf 86' lang='lat' dir='ltr'>et</span> <span class='ocrx_word' id='word_1_251' title='bbox 731 2433 880 2466; x_wconf 79' lang='lat' dir='ltr'>serimus,</span> <span class='ocrx_word' id='word_1_252' title='bbox 926 2434 990 2465; x_wconf 88' lang='lat' dir='ltr'>Cur</span> <span class='ocrx_word' id='word_1_253' title='bbox 1012 2433 1047 2465; x_wconf 92' lang='lat' dir='ltr'>in</span> <span class='ocrx_word' id='word_1_254' title='bbox 1069 2434 1232 2466; x_wconf 82' lang='lat' dir='ltr'>frumento</span> <span class='ocrx_word' id='word_1_255' title='bbox 1264 2443 1358 2474; x_wconf 88' lang='lat' dir='ltr'>seges</span> <span class='ocrx_word' id='word_1_256' title='bbox 1381 2433 1528 2465; x_wconf 83' lang='lat' dir='ltr'>nascitur</span> <span class='ocrx_word' id='word_1_257' title='bbox 1551 2437 1584 2465; x_wconf 88' lang='lat' dir='ltr'>et</span> <span class='ocrx_word' id='word_1_258' title='bbox 1605 2442 1720 2464; x_wconf 88' lang='lat' dir='ltr'>rursus</span> 
     </span>
     <span class='ocr_line' id='line_1_31' title="bbox 472 2485 1721 2526; baseline 0 -9"><span class='ocrx_word' id='word_1_259' title='bbox 472 2494 514 2517; x_wconf 89' lang='lat' dir='ltr'>ex</span> <span class='ocrx_word' id='word_1_260' title='bbox 543 2489 656 2526; x_wconf 88' lang='lat' dir='ltr'>segete</span> <span class='ocrx_word' id='word_1_261' title='bbox 683 2485 907 2517; x_wconf 77' lang='lat' dir='ltr'>frumentum?</span> <span class='ocrx_word' id='word_1_262' title='bbox 939 2486 1092 2526; x_wconf 89' lang='lat' dir='ltr'>Denique</span> <span class='ocrx_word' id='word_1_263' title='bbox 1115 2486 1144 2518; x_wconf 90' lang='lat' dir='ltr'>si</span> <span class='ocrx_word' id='word_1_264' title='bbox 1167 2491 1347 2518; x_wconf 87' lang='lat' dir='ltr'>atomorum</span> <span class='ocrx_word' id='word_1_265' title='bbox 1369 2485 1468 2517; x_wconf 84' lang='lat' dir='ltr'>coitio</span> <span class='ocrx_word' id='word_1_266' title='bbox 1492 2490 1525 2517; x_wconf 90' lang='lat' dir='ltr'>et</span> <span class='ocrx_word' id='word_1_267' title='bbox 1547 2485 1721 2525; x_wconf 91' lang='lat' dir='ltr'>congloba-</span> 
     </span>
     <span class='ocr_line' id='line_1_32' title="bbox 471 2537 1722 2580; baseline 0.002 -11"><span class='ocrx_word' id='word_1_268' title='bbox 471 2538 518 2570; x_wconf 88' lang='lat' dir='ltr'>tio</span> <span class='ocrx_word' id='word_1_269' title='bbox 541 2538 687 2571; x_wconf 88' lang='lat' dir='ltr'>efficeret</span> <span class='ocrx_word' id='word_1_270' title='bbox 708 2538 834 2579; x_wconf 87' lang='lat' dir='ltr'>omnia,</span> <span class='ocrx_word' id='word_1_271' title='bbox 856 2538 891 2570; x_wconf 90' lang='lat' dir='ltr'>in</span> <span class='ocrx_word' id='word_1_272' title='bbox 913 2548 990 2571; x_wconf 85' lang='lat' dir='ltr'>aere</span> <span class='ocrx_word' id='word_1_273' title='bbox 1014 2539 1171 2572; x_wconf 88' lang='lat' dir='ltr'>universa</span> <span class='ocrx_word' id='word_1_274' title='bbox 1192 2542 1454 2579; x_wconf 88' lang='lat' dir='ltr'>concrescerent,</span> <span class='ocrx_word' id='word_1_275' title='bbox 1477 2537 1640 2579; x_wconf 87' lang='lat' dir='ltr'>siquidem</span> <span class='ocrx_word' id='word_1_276' title='bbox 1661 2547 1722 2580; x_wconf 89' lang='lat' dir='ltr'>per</span> 
     </span>
     <span class='ocr_line' id='line_1_33' title="bbox 472 2591 991 2625; baseline 0.004 -2"><span class='ocrx_word' id='word_1_277' title='bbox 472 2591 570 2623; x_wconf 86' lang='lat' dir='ltr'>inane</span> <span class='ocrx_word' id='word_1_278' title='bbox 592 2591 692 2624; x_wconf 88' lang='lat' dir='ltr'>atomi</span> <span class='ocrx_word' id='word_1_279' title='bbox 715 2591 884 2625; x_wconf 83' lang='lat' dir='ltr'>volitant.“</span> <span class='ocrx_word' id='word_1_280' title='bbox 929 2599 991 2625; x_wconf 87' lang='lat' dir='ltr'>cet.</span> 
     </span>
    </p>
   </div>
  </div>
 </body>
</html>
