<?xml version="1.0" encoding="UTF-8"?>
<!DOCTYPE html PUBLIC "-//W3C//DTD XHTML 1.0 Transitional//EN"
    "http://www.w3.org/TR/xhtml1/DTD/xhtml1-transitional.dtd">
<html xmlns="http://www.w3.org/1999/xhtml" xml:lang="en" lang="en">
 <head>
  <title>
</title>
<meta http-equiv="Content-Type" content="text/html;charset=utf-8" />
  <meta name='ocr-system' content='tesseract 3.04.00' />
  <meta name='ocr-capabilities' content='ocr_page ocr_carea ocr_par ocr_line ocrx_word'/>
</head>
<body>
  <div class='ocr_page' id='page_1' title='image "4771426_0027.png"; bbox 0 0 1968 2859; ppageno 0'>
   <div class='ocr_carea' id='block_1_1' title="bbox 324 185 1446 462">
    <p class='ocr_par' dir='ltr' id='par_1_1' title="bbox 324 185 1446 406">
     <span class='ocr_line' id='line_1_1' title="bbox 326 185 1408 232; baseline -0.002 -10"><span class='ocrx_word' id='word_1_1' title='bbox 326 195 432 232; x_wconf 82' lang='lat' dir='ltr'>„esse</span> <span class='ocrx_word' id='word_1_2' title='bbox 447 188 645 232; x_wconf 55' lang='lat' dir='ltr'>,utramque</span> <span class='ocrx_word' id='word_1_3' title='bbox 669 185 740 222; x_wconf 74' lang='lat' dir='ltr'>sibi</span> <span class='ocrx_word' id='word_1_4' title='bbox 763 194 897 230; x_wconf 76' lang='lat' dir='ltr'>perse</span> <span class='ocrx_word' id='word_1_5' title='bbox 915 194 1116 230; x_wconf 75' lang='lat' dir='ltr'>puramque</span> <span class='ocrx_word' id='word_1_6' title='bbox 1137 187 1350 231; x_wconf 37' lang='lat' dir='ltr'>necesses&amp;-</span> <span class='ocrx_word' id='word_1_7' title='bbox 1404 206 1408 210; x_wconf 90' lang='lat'><em>-</em></span> 
     </span>
     <span class='ocr_line' id='line_1_2' title="bbox 325 241 1446 290; baseline -0.001 -10"><span class='ocrx_word' id='word_1_8' title='bbox 325 255 432 290; x_wconf 90' lang='lat' dir='ltr'>„nam</span> <span class='ocrx_word' id='word_1_9' title='bbox 455 254 671 290; x_wconf 82' lang='lat' dir='ltr'>quacunque</span> <span class='ocrx_word' id='word_1_10' title='bbox 694 244 805 279; x_wconf 80' lang='lat' dir='ltr'>vacat</span> <span class='ocrx_word' id='word_1_11' title='bbox 828 241 994 288; x_wconf 87' lang='lat' dir='ltr'>spatium,</span> <span class='ocrx_word' id='word_1_12' title='bbox 1021 242 1118 288; x_wconf 87' lang='lat' dir='ltr'>quod</span> <span class='ocrx_word' id='word_1_13' title='bbox 1141 242 1249 279; x_wconf 79' lang='lat' dir='ltr'>inane</span> <span class='ocrx_word' id='word_1_14' title='bbox 1273 253 1446 281; x_wconf 80' lang='lat' dir='ltr'>vocamus</span> 
     </span>
     <span class='ocr_line' id='line_1_3' title="bbox 324 302 1323 348; baseline -0.001 -11"><span class='ocrx_word' id='word_1_15' title='bbox 324 312 480 348; x_wconf 83' lang='lat' dir='ltr'>„corpus</span> <span class='ocrx_word' id='word_1_16' title='bbox 504 312 549 337; x_wconf 85' lang='lat' dir='ltr'>ea</span> <span class='ocrx_word' id='word_1_17' title='bbox 572 311 644 336; x_wconf 90' lang='lat' dir='ltr'>non</span> <span class='ocrx_word' id='word_1_18' title='bbox 668 302 742 345; x_wconf 82' lang='lat' dir='ltr'>est3</span> <span class='ocrx_word' id='word_1_19' title='bbox 768 310 840 345; x_wconf 83' lang='lat' dir='ltr'>qua</span> <span class='ocrx_word' id='word_1_20' title='bbox 862 310 971 344; x_wconf 91' lang='lat' dir='ltr'>porro</span> <span class='ocrx_word' id='word_1_21' title='bbox 996 310 1138 344; x_wconf 88' lang='lat' dir='ltr'>cunque</span> <span class='ocrx_word' id='word_1_22' title='bbox 1161 303 1261 335; x_wconf 87' lang='lat' dir='ltr'>tenet</span> <span class='ocrx_word' id='word_1_23' title='bbox 1284 311 1323 336; x_wconf 86' lang='lat' dir='ltr'>se</span> 
     </span>
     <span class='ocr_line' id='line_1_4' title="bbox 325 358 1301 406; baseline -0.003 -11"><span class='ocrx_word' id='word_1_24' title='bbox 325 369 492 406; x_wconf 84' lang='lat' dir='ltr'>‚,corpus,</span> <span class='ocrx_word' id='word_1_25' title='bbox 517 369 561 394; x_wconf 87' lang='lat' dir='ltr'>ea</span> <span class='ocrx_word' id='word_1_26' title='bbox 583 358 737 393; x_wconf 84' lang='lat' dir='ltr'>vacuum</span> <span class='ocrx_word' id='word_1_27' title='bbox 760 367 990 402; x_wconf 83' lang='lat' dir='ltr'>nequaquam</span> <span class='ocrx_word' id='word_1_28' title='bbox 1015 359 1156 393; x_wconf 84' lang='lat' dir='ltr'>constat</span> <span class='ocrx_word' id='word_1_29' title='bbox 1176 358 1301 402; x_wconf 68' lang='lat' dir='ltr'>inane,</span> 
     </span>
    </p>

    <p class='ocr_par' dir='ltr' id='par_1_2' title="bbox 326 412 1350 462">
     <span class='ocr_line' id='line_1_5' title="bbox 326 412 1350 462; baseline 0 -11"><span class='ocrx_word' id='word_1_30' title='bbox 326 418 434 462; x_wconf 87' lang='lat' dir='ltr'>„sunt</span> <span class='ocrx_word' id='word_1_31' title='bbox 455 416 567 461; x_wconf 87' lang='lat' dir='ltr'>igitur</span> <span class='ocrx_word' id='word_1_32' title='bbox 591 414 708 451; x_wconf 86' lang='lat' dir='ltr'>solida</span> <span class='ocrx_word' id='word_1_33' title='bbox 732 425 776 450; x_wconf 85' lang='lat' dir='ltr'>ac</span> <span class='ocrx_word' id='word_1_34' title='bbox 800 414 878 455; x_wconf 81' lang='lat' dir='ltr'>sine</span> <span class='ocrx_word' id='word_1_35' title='bbox 901 414 1000 449; x_wconf 84' lang='lat' dir='ltr'>inani</span> <span class='ocrx_word' id='word_1_36' title='bbox 1024 424 1177 460; x_wconf 83' lang='lat' dir='ltr'>corpora</span> <span class='ocrx_word' id='word_1_37' title='bbox 1200 412 1350 460; x_wconf 82' lang='lat' dir='ltr'>prima.“</span> 
     </span>
    </p>
   </div>
   <div class='ocr_carea' id='block_1_2' title="bbox 202 477 1576 894">
    <p class='ocr_par' dir='ltr' id='par_1_3' title="bbox 202 477 1576 894">
     <span class='ocr_line' id='line_1_6' title="bbox 306 477 1573 529; baseline -0.002 -11"><span class='ocrx_word' id='word_1_38' title='bbox 306 480 360 518; x_wconf 89' lang='lat' dir='ltr'>At</span> <span class='ocrx_word' id='word_1_39' title='bbox 386 480 605 529; x_wconf 86' lang='lat' dir='ltr'>quicunque</span> <span class='ocrx_word' id='word_1_40' title='bbox 631 477 701 516; x_wconf 89' lang='lat' dir='ltr'>hos</span> <span class='ocrx_word' id='word_1_41' title='bbox 721 488 856 517; x_wconf 83' lang='lat' dir='ltr'>versus</span> <span class='ocrx_word' id='word_1_42' title='bbox 883 477 1090 526; x_wconf 83' lang='lat' dir='ltr'>diligenter</span> <span class='ocrx_word' id='word_1_43' title='bbox 1108 477 1374 525; x_wconf 85' lang='lat' dir='ltr'>considerarit‚</span> <span class='ocrx_word' id='word_1_44' title='bbox 1403 487 1474 516; x_wconf 61' lang='lat' dir='ltr'>eos&gt;</span> <span class='ocrx_word' id='word_1_45' title='bbox 1497 488 1573 522; x_wconf 71' lang='lat' dir='ltr'>non</span> 
     </span>
     <span class='ocr_line' id='line_1_7' title="bbox 204 550 1573 601; baseline -0.002 -9"><span class='ocrx_word' id='word_1_46' title='bbox 204 553 299 592; x_wconf 87' lang='lat' dir='ltr'>satis</span> <span class='ocrx_word' id='word_1_47' title='bbox 326 552 503 601; x_wconf 83' lang='lat' dir='ltr'>probare,</span> <span class='ocrx_word' id='word_1_48' title='bbox 533 551 636 601; x_wconf 91' lang='lat' dir='ltr'>quod</span> <span class='ocrx_word' id='word_1_49' title='bbox 663 555 780 600; x_wconf 90' lang='lat' dir='ltr'>poeta</span> <span class='ocrx_word' id='word_1_50' title='bbox 806 550 982 599; x_wconf 89' lang='lat' dir='ltr'>voluerit,</span> <span class='ocrx_word' id='word_1_51' title='bbox 1010 562 1099 590; x_wconf 85' lang='lat' dir='ltr'>mox</span> <span class='ocrx_word' id='word_1_52' title='bbox 1126 551 1333 600; x_wconf 86' lang='lat' dir='ltr'>intelliget;</span> <span class='ocrx_word' id='word_1_53' title='bbox 1370 562 1459 590; x_wconf 86' lang='lat' dir='ltr'>nam</span> <span class='ocrx_word' id='word_1_54' title='bbox 1486 561 1573 590; x_wconf 82' lang='lat' dir='ltr'>eum</span> 
     </span>
     <span class='ocr_line' id='line_1_8' title="bbox 202 623 1573 673; baseline -0.002 -8"><span class='ocrx_word' id='word_1_55' title='bbox 202 626 298 666; x_wconf 90' lang='lat' dir='ltr'>haec</span> <span class='ocrx_word' id='word_1_56' title='bbox 326 625 441 665; x_wconf 91' lang='lat' dir='ltr'>animi</span> <span class='ocrx_word' id='word_1_57' title='bbox 468 624 591 664; x_wconf 78' lang='lat' dir='ltr'>nostri</span> <span class='ocrx_word' id='word_1_58' title='bbox 618 624 666 663; x_wconf 92' lang='lat' dir='ltr'>de</span> <span class='ocrx_word' id='word_1_59' title='bbox 687 635 848 673; x_wconf 89' lang='lat' dir='ltr'>corpore</span> <span class='ocrx_word' id='word_1_60' title='bbox 876 636 973 673; x_wconf 77' lang='lat' dir='ltr'>puro</span> <span class='ocrx_word' id='word_1_61' title='bbox 992 624 1053 663; x_wconf 87' lang='lat' dir='ltr'>vel</span> <span class='ocrx_word' id='word_1_62' title='bbox 1077 624 1124 663; x_wconf 93' lang='lat' dir='ltr'>de</span> <span class='ocrx_word' id='word_1_63' title='bbox 1150 624 1254 663; x_wconf 86' lang='lat' dir='ltr'>inani</span> <span class='ocrx_word' id='word_1_64' title='bbox 1281 624 1387 662; x_wconf 88' lang='lat' dir='ltr'>notio</span> <span class='ocrx_word' id='word_1_65' title='bbox 1415 623 1477 672; x_wconf 89' lang='lat' dir='ltr'>sit,</span> <span class='ocrx_word' id='word_1_66' title='bbox 1505 623 1573 673; x_wconf 74' lang='lat' dir='ltr'>ibi,</span> 
     </span>
     <span class='ocr_line' id='line_1_9' title="bbox 203 696 1573 748; baseline -0.003 -9"><span class='ocrx_word' id='word_1_67' title='bbox 203 700 270 738; x_wconf 91' lang='lat' dir='ltr'>ubi</span> <span class='ocrx_word' id='word_1_68' title='bbox 298 710 438 748; x_wconf 89' lang='lat' dir='ltr'>corpus</span> <span class='ocrx_word' id='word_1_69' title='bbox 467 698 529 744; x_wconf 87' lang='lat' dir='ltr'>sit,</span> <span class='ocrx_word' id='word_1_70' title='bbox 558 697 670 736; x_wconf 91' lang='lat' dir='ltr'>inane</span> <span class='ocrx_word' id='word_1_71' title='bbox 698 697 811 735; x_wconf 88' lang='lat' dir='ltr'>simul</span> <span class='ocrx_word' id='word_1_72' title='bbox 830 708 915 735; x_wconf 87' lang='lat' dir='ltr'>esse</span> <span class='ocrx_word' id='word_1_73' title='bbox 943 709 1019 735; x_wconf 93' lang='lat' dir='ltr'>non</span> <span class='ocrx_word' id='word_1_74' title='bbox 1045 708 1171 746; x_wconf 88' lang='lat' dir='ltr'>posse,</span> <span class='ocrx_word' id='word_1_75' title='bbox 1200 700 1269 736; x_wconf 87' lang='lat' dir='ltr'>aut</span> <span class='ocrx_word' id='word_1_76' title='bbox 1295 696 1389 735; x_wconf 90' lang='lat' dir='ltr'>nihil</span> <span class='ocrx_word' id='word_1_77' title='bbox 1416 697 1573 736; x_wconf 85' lang='lat' dir='ltr'>demon-</span> 
     </span>
     <span class='ocr_line' id='line_1_10' title="bbox 203 770 1576 820; baseline -0.001 -8"><span class='ocrx_word' id='word_1_78' title='bbox 203 773 402 812; x_wconf 86' lang='lat' dir='ltr'>strandum</span> <span class='ocrx_word' id='word_1_79' title='bbox 430 774 515 812; x_wconf 86' lang='lat' dir='ltr'>erat</span> <span class='ocrx_word' id='word_1_80' title='bbox 541 773 606 810; x_wconf 87' lang='lat' dir='ltr'>aut</span> <span class='ocrx_word' id='word_1_81' title='bbox 634 770 674 809; x_wconf 94' lang='lat' dir='ltr'>id</span> <span class='ocrx_word' id='word_1_82' title='bbox 707 771 850 820; x_wconf 87' lang='lat' dir='ltr'>ipsum,</span> <span class='ocrx_word' id='word_1_83' title='bbox 887 770 989 820; x_wconf 92' lang='lat' dir='ltr'>quod</span> <span class='ocrx_word' id='word_1_84' title='bbox 1016 770 1092 809; x_wconf 86' lang='lat' dir='ltr'>iam</span> <span class='ocrx_word' id='word_1_85' title='bbox 1119 770 1323 819; x_wconf 88' lang='lat' dir='ltr'>probatum</span> <span class='ocrx_word' id='word_1_86' title='bbox 1359 773 1476 819; x_wconf 81' lang='lat' dir='ltr'>poeta</span> <span class='ocrx_word' id='word_1_87' title='bbox 1502 770 1576 810; x_wconf 82' lang='lat' dir='ltr'>sibi</span> 
     </span>
     <span class='ocr_line' id='line_1_11' title="bbox 202 843 1576 894; baseline -0.001 -10"><span class='ocrx_word' id='word_1_88' title='bbox 202 845 378 894; x_wconf 80' lang='lat' dir='ltr'>sumpsit.</span> <span class='ocrx_word' id='word_1_89' title='bbox 443 843 519 882; x_wconf 88' lang='lat' dir='ltr'>Sed</span> <span class='ocrx_word' id='word_1_90' title='bbox 562 855 647 883; x_wconf 92' lang='lat' dir='ltr'>cum</span> <span class='ocrx_word' id='word_1_91' title='bbox 684 847 857 882; x_wconf 86' lang='lat' dir='ltr'>nostrum</span> <span class='ocrx_word' id='word_1_92' title='bbox 893 855 968 882; x_wconf 91' lang='lat' dir='ltr'>non</span> <span class='ocrx_word' id='word_1_93' title='bbox 1003 844 1054 882; x_wconf 86' lang='lat' dir='ltr'>sit</span> <span class='ocrx_word' id='word_1_94' title='bbox 1087 843 1231 893; x_wconf 89' lang='lat' dir='ltr'>ubique</span> <span class='ocrx_word' id='word_1_95' title='bbox 1269 844 1351 882; x_wconf 90' lang='lat' dir='ltr'>eius</span> <span class='ocrx_word' id='word_1_96' title='bbox 1386 844 1576 892; x_wconf 81' lang='lat' dir='ltr'>probandi</span> 
     </span>
    </p>
   </div>
   <div class='ocr_carea' id='block_1_3' title="bbox 203 916 1641 974">
    <p class='ocr_par' dir='ltr' id='par_1_4' title="bbox 203 916 1641 974">
     <span class='ocr_line' id='line_1_12' title="bbox 203 916 1641 974; baseline -0.001 -17"><span class='ocrx_word' id='word_1_97' title='bbox 203 918 374 957; x_wconf 89' lang='lat' dir='ltr'>rationes</span> <span class='ocrx_word' id='word_1_98' title='bbox 403 917 623 967; x_wconf 87' lang='lat' dir='ltr'>exquirere,</span> <span class='ocrx_word' id='word_1_99' title='bbox 659 928 793 955; x_wconf 88' lang='lat' dir='ltr'>verum</span> <span class='ocrx_word' id='word_1_100' title='bbox 828 917 957 965; x_wconf 87' lang='lat' dir='ltr'>potius</span> <span class='ocrx_word' id='word_1_101' title='bbox 986 917 1068 955; x_wconf 89' lang='lat' dir='ltr'>eius</span> <span class='ocrx_word' id='word_1_102' title='bbox 1097 917 1144 955; x_wconf 96' lang='lat' dir='ltr'>de</span> <span class='ocrx_word' id='word_1_103' title='bbox 1180 928 1308 955; x_wconf 87' lang='lat' dir='ltr'>rerum</span> <span class='ocrx_word' id='word_1_104' title='bbox 1336 920 1478 956; x_wconf 87' lang='lat' dir='ltr'>natura</span> <span class='ocrx_word' id='word_1_105' title='bbox 1505 916 1575 956; x_wconf 83' lang='lat' dir='ltr'>do·</span> <span class='ocrx_word' id='word_1_106' title='bbox 1635 968 1641 974; x_wconf 39' lang='grc'><em>.</em></span> 
     </span>
    </p>
   </div>
   <div class='ocr_carea' id='block_1_4' title="bbox 202 989 1574 1543">
    <p class='ocr_par' dir='ltr' id='par_1_5' title="bbox 202 989 1574 1543">
     <span class='ocr_line' id='line_1_13' title="bbox 204 989 1574 1041; baseline -0.001 -10"><span class='ocrx_word' id='word_1_107' title='bbox 204 991 367 1032; x_wconf 87' lang='lat' dir='ltr'>ctrinam</span> <span class='ocrx_word' id='word_1_108' title='bbox 395 990 612 1041; x_wconf 88' lang='lat' dir='ltr'>explanare,</span> <span class='ocrx_word' id='word_1_109' title='bbox 642 990 895 1030; x_wconf 84' lang='lat' dir='ltr'>concedamus</span> <span class='ocrx_word' id='word_1_110' title='bbox 924 1001 981 1038; x_wconf 87' lang='lat' dir='ltr'>ea,</span> <span class='ocrx_word' id='word_1_111' title='bbox 1011 1001 1110 1040; x_wconf 86' lang='lat' dir='ltr'>quae</span> <span class='ocrx_word' id='word_1_112' title='bbox 1136 989 1311 1029; x_wconf 88' lang='lat' dir='ltr'>versibus</span> <span class='ocrx_word' id='word_1_113' title='bbox 1337 989 1451 1029; x_wconf 89' lang='lat' dir='ltr'>modo</span> <span class='ocrx_word' id='word_1_114' title='bbox 1477 990 1574 1030; x_wconf 90' lang='lat' dir='ltr'>alla-</span> 
     </span>
     <span class='ocr_line' id='line_1_14' title="bbox 204 1063 1573 1113; baseline 0 -10"><span class='ocrx_word' id='word_1_115' title='bbox 204 1066 254 1104; x_wconf 86' lang='lat' dir='ltr'>tis</span> <span class='ocrx_word' id='word_1_116' title='bbox 291 1065 363 1103; x_wconf 87' lang='lat' dir='ltr'>sibi</span> <span class='ocrx_word' id='word_1_117' title='bbox 407 1065 529 1103; x_wconf 88' lang='lat' dir='ltr'>voluit</span> <span class='ocrx_word' id='word_1_118' title='bbox 562 1064 845 1112; x_wconf 89' lang='lat' dir='ltr'>demonstrare,</span> <span class='ocrx_word' id='word_1_119' title='bbox 888 1063 1098 1113; x_wconf 88' lang='lat' dir='ltr'>primordia</span> <span class='ocrx_word' id='word_1_120' title='bbox 1133 1075 1218 1103; x_wconf 91' lang='lat' dir='ltr'>esse</span> <span class='ocrx_word' id='word_1_121' title='bbox 1256 1064 1379 1103; x_wconf 86' lang='lat' dir='ltr'>solida</span> <span class='ocrx_word' id='word_1_122' title='bbox 1411 1075 1456 1103; x_wconf 80' lang='lat' dir='ltr'>ac</span> <span class='ocrx_word' id='word_1_123' title='bbox 1490 1064 1573 1103; x_wconf 87' lang='lat' dir='ltr'>sine</span> 
     </span>
     <span class='ocr_line' id='line_1_15' title="bbox 203 1137 1573 1185; baseline 0 -9"><span class='ocrx_word' id='word_1_124' title='bbox 203 1138 324 1185; x_wconf 88' lang='lat' dir='ltr'>inani,</span> <span class='ocrx_word' id='word_1_125' title='bbox 352 1137 425 1177; x_wconf 91' lang='lat' dir='ltr'>hoc</span> <span class='ocrx_word' id='word_1_126' title='bbox 454 1141 525 1184; x_wconf 88' lang='lat' dir='ltr'>est,</span> <span class='ocrx_word' id='word_1_127' title='bbox 554 1149 600 1176; x_wconf 90' lang='lat' dir='ltr'>ea</span> <span class='ocrx_word' id='word_1_128' title='bbox 625 1138 729 1175; x_wconf 90' lang='lat' dir='ltr'>inani</span> <span class='ocrx_word' id='word_1_129' title='bbox 762 1137 801 1175; x_wconf 93' lang='lat' dir='ltr'>in</span> <span class='ocrx_word' id='word_1_130' title='bbox 834 1148 875 1175; x_wconf 90' lang='lat' dir='ltr'>se</span> <span class='ocrx_word' id='word_1_131' title='bbox 901 1137 1090 1184; x_wconf 88' lang='lat' dir='ltr'>carentia,</span> <span class='ocrx_word' id='word_1_132' title='bbox 1128 1148 1198 1175; x_wconf 89' lang='lat' dir='ltr'>sua</span> <span class='ocrx_word' id='word_1_133' title='bbox 1231 1138 1394 1176; x_wconf 84' lang='lat' dir='ltr'>materia</span> <span class='ocrx_word' id='word_1_134' title='bbox 1420 1138 1573 1178; x_wconf 85' lang='lat' dir='ltr'>omnino</span> 
     </span>
     <span class='ocr_line' id='line_1_16' title="bbox 202 1210 1572 1260; baseline 0.001 -11"><span class='ocrx_word' id='word_1_135' title='bbox 202 1211 317 1259; x_wconf 90' lang='lat' dir='ltr'>plena</span> <span class='ocrx_word' id='word_1_136' title='bbox 344 1222 441 1250; x_wconf 90' lang='lat' dir='ltr'>esse.</span> <span class='ocrx_word' id='word_1_137' title='bbox 510 1211 652 1260; x_wconf 86' lang='lat' dir='ltr'>Liquet</span> <span class='ocrx_word' id='word_1_138' title='bbox 687 1211 805 1260; x_wconf 86' lang='lat' dir='ltr'>igitur</span> <span class='ocrx_word' id='word_1_139' title='bbox 841 1211 937 1249; x_wconf 87' lang='lat' dir='ltr'>duas</span> <span class='ocrx_word' id='word_1_140' title='bbox 973 1211 1075 1249; x_wconf 88' lang='lat' dir='ltr'>inter</span> <span class='ocrx_word' id='word_1_141' title='bbox 1111 1222 1152 1249; x_wconf 88' lang='lat' dir='ltr'>se</span> <span class='ocrx_word' id='word_1_142' title='bbox 1180 1210 1400 1249; x_wconf 86' lang='lat' dir='ltr'>differentes</span> <span class='ocrx_word' id='word_1_143' title='bbox 1435 1211 1572 1250; x_wconf 86' lang='lat' dir='ltr'>atomis</span> 
     </span>
     <span class='ocr_line' id='line_1_17' title="bbox 203 1283 1572 1333; baseline 0.001 -11"><span class='ocrx_word' id='word_1_144' title='bbox 203 1283 364 1322; x_wconf 82' lang='lat' dir='ltr'>attribui</span> <span class='ocrx_word' id='word_1_145' title='bbox 390 1284 667 1333; x_wconf 83' lang='lat' dir='ltr'>proprietates,</span> <span class='ocrx_word' id='word_1_146' title='bbox 703 1284 876 1331; x_wconf 88' lang='lat' dir='ltr'>alteram,</span> <span class='ocrx_word' id='word_1_147' title='bbox 906 1283 1048 1323; x_wconf 86' lang='lat' dir='ltr'>solidas</span> <span class='ocrx_word' id='word_1_148' title='bbox 1076 1295 1142 1322; x_wconf 89' lang='lat' dir='ltr'>eas</span> <span class='ocrx_word' id='word_1_149' title='bbox 1171 1294 1274 1331; x_wconf 89' lang='lat' dir='ltr'>esse,</span> <span class='ocrx_word' id='word_1_150' title='bbox 1303 1283 1476 1332; x_wconf 84' lang='lat' dir='ltr'>alteram,</span> <span class='ocrx_word' id='word_1_151' title='bbox 1505 1294 1572 1323; x_wconf 80' lang='lat' dir='ltr'>eas</span> 
     </span>
     <span class='ocr_line' id='line_1_18' title="bbox 204 1357 1574 1407; baseline 0 -11"><span class='ocrx_word' id='word_1_152' title='bbox 204 1369 336 1396; x_wconf 86' lang='lat' dir='ltr'>carere</span> <span class='ocrx_word' id='word_1_153' title='bbox 363 1358 478 1395; x_wconf 90' lang='lat' dir='ltr'>inani.</span> <span class='ocrx_word' id='word_1_154' title='bbox 535 1358 619 1404; x_wconf 89' lang='lat' dir='ltr'>Qua</span> <span class='ocrx_word' id='word_1_155' title='bbox 645 1357 890 1396; x_wconf 89' lang='lat' dir='ltr'>distinctione</span> <span class='ocrx_word' id='word_1_156' title='bbox 918 1358 1028 1395; x_wconf 86' lang='lat' dir='ltr'>nixus</span> <span class='ocrx_word' id='word_1_157' title='bbox 1057 1360 1172 1406; x_wconf 88' lang='lat' dir='ltr'>poeta</span> <span class='ocrx_word' id='word_1_158' title='bbox 1199 1357 1335 1395; x_wconf 89' lang='lat' dir='ltr'>deinde</span> <span class='ocrx_word' id='word_1_159' title='bbox 1363 1357 1439 1396; x_wconf 85' lang='lat'>528</span> <span class='ocrx_word' id='word_1_160' title='bbox 1465 1369 1574 1407; x_wconf 87' lang='lat' dir='ltr'>seqq.</span> 
     </span>
     <span class='ocr_line' id='line_1_19' title="bbox 205 1430 1573 1480; baseline 0 -11"><span class='ocrx_word' id='word_1_161' title='bbox 205 1434 497 1479; x_wconf 84' lang='lat' dir='ltr'>argumentatus</span> <span class='ocrx_word' id='word_1_162' title='bbox 526 1433 585 1470; x_wconf 90' lang='lat' dir='ltr'>est</span> <span class='ocrx_word' id='word_1_163' title='bbox 613 1430 686 1470; x_wconf 90' lang='lat' dir='ltr'>sic:</span> <span class='ocrx_word' id='word_1_164' title='bbox 717 1430 816 1478; x_wconf 85' lang='lat' dir='ltr'>Quia</span> <span class='ocrx_word' id='word_1_165' title='bbox 841 1430 960 1470; x_wconf 87' lang='lat' dir='ltr'>atomi</span> <span class='ocrx_word' id='word_1_166' title='bbox 986 1430 1094 1480; x_wconf 84' lang='lat' dir='ltr'>ipsae</span> <span class='ocrx_word' id='word_1_167' title='bbox 1119 1441 1279 1479; x_wconf 85' lang='lat' dir='ltr'>prorsus</span> <span class='ocrx_word' id='word_1_168' title='bbox 1299 1433 1432 1469; x_wconf 84' lang='lat' dir='ltr'>carent</span> <span class='ocrx_word' id='word_1_169' title='bbox 1457 1430 1573 1479; x_wconf 82' lang='lat' dir='ltr'>inani,</span> 
     </span>
     <span class='ocr_line' id='line_1_20' title="bbox 204 1504 781 1543; baseline 0 -1"><span class='ocrx_word' id='word_1_170' title='bbox 204 1506 386 1542; x_wconf 86' lang='lat' dir='ltr'>aeternae</span> <span class='ocrx_word' id='word_1_171' title='bbox 414 1504 491 1542; x_wconf 86' lang='lat' dir='ltr'>sint</span> <span class='ocrx_word' id='word_1_172' title='bbox 517 1515 675 1543; x_wconf 86' lang='lat' dir='ltr'>necesse</span> <span class='ocrx_word' id='word_1_173' title='bbox 704 1508 781 1543; x_wconf 87' lang='lat' dir='ltr'>est:</span> 
     </span>
    </p>
   </div>
   <div class='ocr_carea' id='block_1_5' title="bbox 338 1576 1444 1794">
    <p class='ocr_par' dir='ltr' id='par_1_6' title="bbox 338 1576 1444 1794">
     <span class='ocr_line' id='line_1_21' title="bbox 350 1576 1279 1624; baseline -0.001 -11"><span class='ocrx_word' id='word_1_174' title='bbox 350 1588 456 1624; x_wconf 85' lang='lat' dir='ltr'>„nam</span> <span class='ocrx_word' id='word_1_175' title='bbox 479 1588 597 1623; x_wconf 89' lang='lat' dir='ltr'>neque</span> <span class='ocrx_word' id='word_1_176' title='bbox 622 1577 757 1613; x_wconf 89' lang='lat' dir='ltr'>conlidi</span> <span class='ocrx_word' id='word_1_177' title='bbox 782 1577 859 1613; x_wconf 87' lang='lat' dir='ltr'>sine</span> <span class='ocrx_word' id='word_1_178' title='bbox 882 1576 980 1612; x_wconf 79' lang='lat' dir='ltr'>inani</span> <span class='ocrx_word' id='word_1_179' title='bbox 1003 1587 1112 1622; x_wconf 82' lang='lat' dir='ltr'>posse</span> <span class='ocrx_word' id='word_1_180' title='bbox 1135 1577 1279 1613; x_wconf 87' lang='lat' dir='ltr'>videtur</span> 
     </span>
     <span class='ocr_line' id='line_1_22' title="bbox 338 1635 1371 1680; baseline 0.001 -11"><span class='ocrx_word' id='word_1_181' title='bbox 338 1636 570 1679; x_wconf 79' lang='lat' dir='ltr'>&#39;„quicquam</span> <span class='ocrx_word' id='word_1_182' title='bbox 594 1646 662 1669; x_wconf 89' lang='lat' dir='ltr'>nec</span> <span class='ocrx_word' id='word_1_183' title='bbox 686 1635 805 1680; x_wconf 84' lang='lat' dir='ltr'>frangi</span> <span class='ocrx_word' id='word_1_184' title='bbox 828 1646 896 1670; x_wconf 89' lang='lat' dir='ltr'>nec</span> <span class='ocrx_word' id='word_1_185' title='bbox 919 1635 1007 1669; x_wconf 84' lang='lat' dir='ltr'>findi</span> <span class='ocrx_word' id='word_1_186' title='bbox 1030 1636 1068 1669; x_wconf 92' lang='lat' dir='ltr'>in</span> <span class='ocrx_word' id='word_1_187' title='bbox 1090 1635 1177 1670; x_wconf 85' lang='lat' dir='ltr'>bina</span> <span class='ocrx_word' id='word_1_188' title='bbox 1202 1635 1371 1680; x_wconf 84' lang='lat' dir='ltr'>secando,</span> 
     </span>
     <span class='ocr_line' id='line_1_23' title="bbox 356 1691 1413 1737; baseline 0 -11"><span class='ocrx_word' id='word_1_189' title='bbox 356 1701 447 1736; x_wconf 91' lang='lat' dir='ltr'>„nec</span> <span class='ocrx_word' id='word_1_190' title='bbox 473 1702 604 1737; x_wconf 81' lang='lat' dir='ltr'>capere</span> <span class='ocrx_word' id='word_1_191' title='bbox 629 1691 815 1728; x_wconf 88' lang='lat' dir='ltr'>humorem</span> <span class='ocrx_word' id='word_1_192' title='bbox 838 1702 958 1737; x_wconf 92' lang='lat' dir='ltr'>neque</span> <span class='ocrx_word' id='word_1_193' title='bbox 982 1691 1069 1726; x_wconf 88' lang='lat' dir='ltr'>item</span> <span class='ocrx_word' id='word_1_194' title='bbox 1092 1691 1273 1728; x_wconf 85' lang='lat' dir='ltr'>manabile</span> <span class='ocrx_word' id='word_1_195' title='bbox 1297 1691 1413 1737; x_wconf 84' lang='lat' dir='ltr'>frigus</span> 
     </span>
     <span class='ocr_line' id='line_1_24' title="bbox 352 1747 1444 1794; baseline 0.001 -11"><span class='ocrx_word' id='word_1_196' title='bbox 352 1758 443 1793; x_wconf 87' lang='lat' dir='ltr'>„nec</span> <span class='ocrx_word' id='word_1_197' title='bbox 467 1749 690 1793; x_wconf 86' lang='lat' dir='ltr'>penetralem</span> <span class='ocrx_word' id='word_1_198' title='bbox 713 1749 844 1794; x_wconf 86' lang='lat' dir='ltr'>ignem,</span> <span class='ocrx_word' id='word_1_199' title='bbox 871 1749 1002 1793; x_wconf 85' lang='lat' dir='ltr'>quibus</span> <span class='ocrx_word' id='word_1_200' title='bbox 1027 1749 1147 1783; x_wconf 88' lang='lat' dir='ltr'>omnia</span> <span class='ocrx_word' id='word_1_201' title='bbox 1172 1747 1444 1784; x_wconf 86' lang='lat' dir='ltr'>conficiuntur.“</span> 
     </span>
    </p>
   </div>
   <div class='ocr_carea' id='block_1_6' title="bbox 204 1815 1576 2010">
    <p class='ocr_par' dir='ltr' id='par_1_7' title="bbox 204 1815 1576 2010">
     <span class='ocr_line' id='line_1_25' title="bbox 309 1815 1573 1865; baseline 0.001 -11"><span class='ocrx_word' id='word_1_202' title='bbox 309 1815 409 1862; x_wconf 82' lang='lat' dir='ltr'>Quid</span> <span class='ocrx_word' id='word_1_203' title='bbox 432 1816 552 1865; x_wconf 86' lang='lat' dir='ltr'>igitur</span> <span class='ocrx_word' id='word_1_204' title='bbox 579 1816 691 1855; x_wconf 90' lang='lat' dir='ltr'>inane</span> <span class='ocrx_word' id='word_1_205' title='bbox 718 1816 834 1855; x_wconf 88' lang='lat' dir='ltr'>rebus</span> <span class='ocrx_word' id='word_1_206' title='bbox 864 1816 1052 1855; x_wconf 87' lang='lat' dir='ltr'>concretis</span> <span class='ocrx_word' id='word_1_207' title='bbox 1080 1816 1290 1855; x_wconf 87' lang='lat' dir='ltr'>admixtum</span> <span class='ocrx_word' id='word_1_208' title='bbox 1319 1815 1476 1864; x_wconf 85' lang='lat' dir='ltr'>efficiat,</span> <span class='ocrx_word' id='word_1_209' title='bbox 1513 1816 1573 1856; x_wconf 90' lang='lat' dir='ltr'>his</span> 
     </span>
     <span class='ocr_line' id='line_1_26' title="bbox 204 1887 1576 1938; baseline 0.004 -13"><span class='ocrx_word' id='word_1_210' title='bbox 204 1887 380 1927; x_wconf 88' lang='lat' dir='ltr'>versibus</span> <span class='ocrx_word' id='word_1_211' title='bbox 407 1889 522 1937; x_wconf 91' lang='lat' dir='ltr'>plane</span> <span class='ocrx_word' id='word_1_212' title='bbox 551 1889 783 1938; x_wconf 84' lang='lat' dir='ltr'>explicatum</span> <span class='ocrx_word' id='word_1_213' title='bbox 810 1892 891 1937; x_wconf 82' lang='lat' dir='ltr'>est3</span> <span class='ocrx_word' id='word_1_214' title='bbox 919 1892 961 1928; x_wconf 90' lang='lat' dir='ltr'>at</span> <span class='ocrx_word' id='word_1_215' title='bbox 988 1889 1100 1928; x_wconf 89' lang='lat' dir='ltr'>simul</span> <span class='ocrx_word' id='word_1_216' title='bbox 1118 1889 1165 1930; x_wconf 85' lang='lat' dir='ltr'>iis</span> <span class='ocrx_word' id='word_1_217' title='bbox 1194 1889 1242 1928; x_wconf 89' lang='lat' dir='ltr'>de</span> <span class='ocrx_word' id='word_1_218' title='bbox 1270 1893 1485 1929; x_wconf 91' lang='lat' dir='ltr'>atomorum</span> <span class='ocrx_word' id='word_1_219' title='bbox 1512 1894 1576 1930; x_wconf 87' lang='lat' dir='ltr'>s&#39;o-</span> 
     </span>
     <span class='ocr_line' id='line_1_27' title="bbox 204 1960 577 2010; baseline 0.005 -11"><span class='ocrx_word' id='word_1_220' title='bbox 204 1960 355 2001; x_wconf 87' lang='lat' dir='ltr'>liditate</span> <span class='ocrx_word' id='word_1_221' title='bbox 383 1963 577 2010; x_wconf 84' lang='lat' dir='ltr'>docemur,</span> 
     </span>
    </p>
   </div>
   <div class='ocr_carea' id='block_1_7' title="bbox 414 2041 1342 2204">
    <p class='ocr_par' dir='ltr' id='par_1_8' title="bbox 414 2041 1342 2204">
     <span class='ocr_line' id='line_1_28' title="bbox 414 2041 1313 2089; baseline 0.001 -13"><span class='ocrx_word' id='word_1_222' title='bbox 414 2052 501 2086; x_wconf 90' lang='lat' dir='ltr'>„cur</span> <span class='ocrx_word' id='word_1_223' title='bbox 524 2052 644 2087; x_wconf 86' lang='lat' dir='ltr'>neque</span> <span class='ocrx_word' id='word_1_224' title='bbox 670 2041 822 2089; x_wconf 76' lang='lat' dir='ltr'>dissolui</span> <span class='ocrx_word' id='word_1_225' title='bbox 845 2042 966 2088; x_wconf 84' lang='lat' dir='ltr'>plagis</span> <span class='ocrx_word' id='word_1_226' title='bbox 991 2042 1217 2078; x_wconf 80' lang='lat' dir='ltr'>extrinsecus</span> <span class='ocrx_word' id='word_1_227' title='bbox 1239 2042 1313 2078; x_wconf 86' lang='lat' dir='ltr'>icta</span> 
     </span>
     <span class='ocr_line' id='line_1_29' title="bbox 414 2100 1342 2146; baseline 0 -11"><span class='ocrx_word' id='word_1_228' title='bbox 414 2100 588 2146; x_wconf 85' lang='lat' dir='ltr'>„possint,</span> <span class='ocrx_word' id='word_1_229' title='bbox 612 2111 679 2136; x_wconf 87' lang='lat' dir='ltr'>nec</span> <span class='ocrx_word' id='word_1_230' title='bbox 702 2111 811 2145; x_wconf 89' lang='lat' dir='ltr'>porro</span> <span class='ocrx_word' id='word_1_231' title='bbox 835 2101 980 2146; x_wconf 86' lang='lat' dir='ltr'>penitus</span> <span class='ocrx_word' id='word_1_232' title='bbox 1003 2103 1193 2146; x_wconf 80' lang='lat' dir='ltr'>penetrata</span> <span class='ocrx_word' id='word_1_233' title='bbox 1215 2100 1342 2146; x_wconf 84' lang='lat' dir='ltr'>retexi,</span> 
     </span>
     <span class='ocr_line' id='line_1_30' title="bbox 414 2156 1304 2204; baseline 0 -11"><span class='ocrx_word' id='word_1_234' title='bbox 414 2168 504 2202; x_wconf 86' lang='lat' dir='ltr'>„nec</span> <span class='ocrx_word' id='word_1_235' title='bbox 527 2158 666 2193; x_wconf 84' lang='lat' dir='ltr'>ratione</span> <span class='ocrx_word' id='word_1_236' title='bbox 692 2163 828 2203; x_wconf 89' lang='lat' dir='ltr'>queant</span> <span class='ocrx_word' id='word_1_237' title='bbox 850 2158 925 2194; x_wconf 89' lang='lat' dir='ltr'>alia</span> <span class='ocrx_word' id='word_1_238' title='bbox 947 2161 1121 2204; x_wconf 86' lang='lat' dir='ltr'>temptata</span> <span class='ocrx_word' id='word_1_239' title='bbox 1143 2156 1304 2194; x_wconf 77' lang='lat' dir='ltr'>labare.“</span> 
     </span>
    </p>
   </div>
   <div class='ocr_carea' id='block_1_8' title="bbox 203 2222 1577 2503">
    <p class='ocr_par' dir='ltr' id='par_1_9' title="bbox 203 2222 1577 2503">
     <span class='ocr_line' id='line_1_31' title="bbox 307 2222 1577 2284; baseline 0.002 -11"><span class='ocrx_word' id='word_1_240' title='bbox 307 2224 445 2284; x_wconf 86' lang='lat' dir='ltr'>Itaque</span> <span class='ocrx_word' id='word_1_241' title='bbox 472 2222 826 2276; x_wconf 42' lang='lat' dir='ltr'>differentia&#39;modo</span> <span class='ocrx_word' id='word_1_242' title='bbox 855 2239 1152 2276; x_wconf 86' lang='lat' dir='ltr'>commemorata</span> <span class='ocrx_word' id='word_1_243' title='bbox 1179 2247 1254 2275; x_wconf 90' lang='lat' dir='ltr'>non</span> <span class='ocrx_word' id='word_1_244' title='bbox 1282 2236 1399 2284; x_wconf 89' lang='lat' dir='ltr'>adeo,</span> <span class='ocrx_word' id='word_1_245' title='bbox 1438 2239 1482 2275; x_wconf 86' lang='lat' dir='ltr'>ut</span> <span class='ocrx_word' id='word_1_246' title='bbox 1507 2235 1577 2276; x_wconf 89' lang='lat' dir='ltr'>fiat</span> 
     </span>
     <span class='ocr_line' id='line_1_32' title="bbox 203 2307 1577 2360; baseline 0.002 -15"><span class='ocrx_word' id='word_1_247' title='bbox 203 2307 483 2356; x_wconf 83' lang='lat' dir='ltr'>proprietatum</span> <span class='ocrx_word' id='word_1_248' title='bbox 520 2308 723 2348; x_wconf 88' lang='lat' dir='ltr'>discrimen</span> <span class='ocrx_word' id='word_1_249' title='bbox 751 2320 897 2357; x_wconf 87' lang='lat' dir='ltr'>verum,</span> <span class='ocrx_word' id='word_1_250' title='bbox 935 2321 1050 2360; x_wconf 92' lang='lat' dir='ltr'>quam</span> <span class='ocrx_word' id='word_1_251' title='bbox 1088 2321 1164 2359; x_wconf 91' lang='lat' dir='ltr'>qua</span> <span class='ocrx_word' id='word_1_252' title='bbox 1200 2312 1415 2348; x_wconf 89' lang='lat' dir='ltr'>atomorum</span> <span class='ocrx_word' id='word_1_253' title='bbox 1452 2309 1577 2348; x_wconf 86' lang='lat' dir='ltr'>solida</span> 
     </span>
     <span class='ocr_line' id='line_1_33' title="bbox 204 2382 1576 2433; baseline 0.001 -13"><span class='ocrx_word' id='word_1_254' title='bbox 204 2384 344 2420; x_wconf 86' lang='lat' dir='ltr'>natura</span> <span class='ocrx_word' id='word_1_255' title='bbox 371 2382 484 2433; x_wconf 86' lang='lat' dir='ltr'>plane</span> <span class='ocrx_word' id='word_1_256' title='bbox 513 2383 692 2432; x_wconf 88' lang='lat' dir='ltr'>clareque</span> <span class='ocrx_word' id='word_1_257' title='bbox 719 2384 994 2432; x_wconf 86' lang='lat' dir='ltr'>perspiciatur,</span> <span class='ocrx_word' id='word_1_258' title='bbox 1032 2396 1055 2423; x_wconf 89' lang='lat' dir='ltr'>a</span> <span class='ocrx_word' id='word_1_259' title='bbox 1088 2387 1205 2432; x_wconf 87' lang='lat' dir='ltr'>poeta</span> <span class='ocrx_word' id='word_1_260' title='bbox 1240 2383 1453 2422; x_wconf 84' lang='lat' dir='ltr'>constituta</span> <span class='ocrx_word' id='word_1_261' title='bbox 1489 2393 1576 2422; x_wconf 89' lang='lat' dir='ltr'>esse</span> 
     </span>
     <span class='ocr_line' id='line_1_34' title="bbox 204 2442 1576 2503; baseline 0 -10"><span class='ocrx_word' id='word_1_262' title='bbox 204 2442 368 2499; x_wconf 87' lang='lat' dir='ltr'>videtur.</span> <span class='ocrx_word' id='word_1_263' title='bbox 424 2456 531 2502; x_wconf 86' lang='lat' dir='ltr'>Quae</span> <span class='ocrx_word' id='word_1_264' title='bbox 559 2456 659 2494; x_wconf 92' lang='lat' dir='ltr'>enim</span> <span class='ocrx_word' id='word_1_265' title='bbox 687 2458 771 2495; x_wconf 86' lang='lat' dir='ltr'>toto</span> <span class='ocrx_word' id='word_1_266' title='bbox 799 2456 884 2495; x_wconf 91' lang='lat' dir='ltr'>loco</span> <span class='ocrx_word' id='word_1_267' title='bbox 912 2456 986 2495; x_wconf 90' lang='lat' dir='ltr'>sibi</span> <span class='ocrx_word' id='word_1_268' title='bbox 1015 2456 1198 2503; x_wconf 87' lang='lat' dir='ltr'>voluerit,</span> <span class='ocrx_word' id='word_1_269' title='bbox 1236 2456 1275 2494; x_wconf 93' lang='lat' dir='ltr'>in</span> <span class='ocrx_word' id='word_1_270' title='bbox 1303 2455 1475 2494; x_wconf 85' lang='lat' dir='ltr'>eiusdem</span> <span class='ocrx_word' id='word_1_271' title='bbox 1502 2454 1576 2494; x_wconf 88' lang='lat' dir='ltr'>fine</span> 
     </span>
    </p>
   </div>
   <div class='ocr_carea' id='block_1_9' title="bbox 203 2528 1329 2632">
    <p class='ocr_par' dir='ltr' id='par_1_10' title="bbox 203 2528 1329 2632">
     <span class='ocr_line' id='line_1_35' title="bbox 203 2528 1301 2579; baseline 0 -11"><span class='ocrx_word' id='word_1_272' title='bbox 203 2528 319 2568; x_wconf 86' lang='lat' dir='ltr'>etiam</span> <span class='ocrx_word' id='word_1_273' title='bbox 348 2532 465 2579; x_wconf 91' lang='lat' dir='ltr'>atque</span> <span class='ocrx_word' id='word_1_274' title='bbox 494 2529 612 2579; x_wconf 85' lang='lat' dir='ltr'>etiam</span> <span class='ocrx_word' id='word_1_275' title='bbox 638 2530 802 2579; x_wconf 88' lang='lat' dir='ltr'>repetit:</span> <span class='ocrx_word' id='word_1_276' title='bbox 1298 2565 1301 2568; x_wconf 17' lang='grc' dir='ltr'><em>Α</em></span> 
     </span>
     <span class='ocr_line' id='line_1_36' title="bbox 1303 2592 1329 2632; baseline 0 0"><span class='ocrx_word' id='word_1_277' title='bbox 1303 2592 1329 2632; x_wconf 87' lang='grc'><strong><em>2</em></strong></span> 
     </span>
    </p>
   </div>
   <div class='ocr_carea' id='block_1_10' title="bbox 1875 0 1968 2859">
    <p class='ocr_par' dir='ltr' id='par_1_11' title="bbox 1875 0 1968 2859">
     <span class='ocr_line' id='line_1_37' title="bbox 1875 0 1968 2859; baseline 0 0"><span class='ocrx_word' id='word_1_278' title='bbox 1875 0 1968 2859; x_wconf 95' lang='lat' dir='ltr'> </span> 
     </span>
    </p>
   </div>
  </div>
 </body>
</html>
