1968 2859
312 116 366 157 u

313 218 368 262 ἃν-
389 219 602 262 dno-laiht
634 222 684 263 υά
718 219 952 275 πράγματα,
989 221 1061 263 οὐκ
1087 221 1211 264 ὄντων
1236 227 1326 270 τῶν,
1351 221 1414 269 εἰς
1441 220 1469 262 ἃ
1494 220 1690 263 deauco-‘4‘

314 316 363 321 ——
387 293 472 335 Sed
504 294 569 334 hic
603 295 817 334 notandum
849 299 926 343 est,
972 306 1044 334 nec
1078 296 1319 343 Lucretium,
1361 306 1434 334 vuec
1469 294 1692 344 Epicurum,

313 378 384 407 nec
411 367 695 416 Democritum,
730 379 800 408 nec
828 368 1066 418 Leucippum
1099 368 1214 408 huius
1241 369 1420 418 plincipii
1455 368 1694 407 inventorem

312 440 448 482 fuisse.
503 441 764 492 Xenophanes
801 441 901 481 enim
929 442 1095 491 primus,
1133 445 1320 493 quantum
1347 441 1523 493 indagari
1549 443 1692 492 potest,

312 516 353 554 in
378 527 508 554 rerum
538 519 680 556 natura
707 516 935 564 explicanda
963 527 1009 555 eo
1037 527 1131 558 usus
1159 519 1238 564 est,
1274 517 1455 566 idemque
1483 514 1693 558 Aristotele

312 603 406 643 φυσ.
436 588 523 642 cinq.
551 589 581 637 I,
599 590 628 628 4
652 592 756 628 teste
781 599 916 629 omnes
944 588 1094 639 physici
1122 588 1172 628 ad
1200 588 1396 628 doctrinas
1424 599 1514 628 snas
1542 599 1692 629 accom-

313 663 534 701 modarunt.
589 663 849 712 Xenophanes
877 666 1028 711 autem,
1067 663 1133 713 qui
1161 674 1291 702 rerum
1318 663 1522 704 veritatem
1548 672 1694 711 negans

313 736 352 775 id
379 739 552 784 tantum,
593 736 697 786 quod
732 736 772 775 in
801 740 962 776 externa
995 736 1184 776 varietate
1220 736 1409 776 incelume
1437 740 1695 784 constansque

312 813 576 859 permaneret,
614 821 749 849 verum
785 810 958 858 putavit,
995 809 1067 849 hoc
1096 812 1225 848 autem
1253 820 1340 848 esse
1374 810 1487 848 deum
1515 811 1556 848 et
1582 808 1694 847 deum

313 883 459 931 omnia,
496 883 593 922 illud
620 883 779 930 statuit,
818 894 894 932 quo
922 883 1043 933 igitur
1069 884 1303 931 doctrinam,
1342 882 1436 922 nihil
1472 882 1576 933 quod
1603 893 1694 921 vere

315 960 488 996 exstaret
513 956 612 1005 fieri,
641 956 807 996 fulciret.
863 957 939 999 Alii
968 957 1125 1005 deinde,
1163 960 1207 995 ut
1232 956 1339 995 aliud
1364 956 1591 1005 probarent,
1627 966 1694 994 eo·

314 1029 402 1069 dem
431 1032 523 1070 sunt
551 1030 624 1079 usi,
652 1030 786 1080 itaque
814 1030 1075 1080 Empedocles
1104 1040 1258 1081 quoque
1287 1031 1328 1069 et
1346 1030 1598 1079 Anaxagoras
1624 1039 1695 1078 pro

315 1104 514 1145 doctrinae
542 1104 693 1142 ratione
722 1104 830 1142 vario
863 1104 1018 1153 quidem
1056 1114 1173 1142 sensu
1200 1104 1271 1142 sed
1297 1104 1434 1142 iisdem
1460 1103 1589 1142 verbis
1616 1103 1696 1141 nixi

317 1180 419 1216 sunt.
474 1177 643 1217 Atomici
670 1188 763 1218 vero
791 1177 893 1216 idem
921 1177 1086 1227 amplexi
1123 1188 1171 1216 ex
1197 1188 1243 1216 eo
1270 1177 1457 1217 materiae
1481 1176 1695 1216 aeternita÷

315 1254 394 1290 tem
422 1250 677 1295 deduxerunt.
728 1250 989 1290 Probabilitas
1018 1250 1221 1299 quaedam,
1249 1251 1322 1292 hoc
1351 1250 1581 1299 principium
1609 1253 1696 1288 tan·-

317 1335 433 1374 quam
462 1323 725 1363 haereditarie
760 1326 1031 1364 conservatum
1059 1334 1165 1371 esse,
1195 1335 1242 1362 ex
1270 1323 1387 1363 Clem.
1415 1323 1524 1363 Alex.
1555 1322 1695 1362 Strom.

315 1397 334 1435 Ι
358 1396 468 1447 (pag.
499 1397 550 1437 85
590 1397 771 1436 editionis
799 1397 978 1447 Lugdun.
1008 1397 1107 1436 1677
1145 1396 1227 1448 foL)
1256 1397 1385 1447 colligi
1420 1399 1562 1446 potest.
1616 1397 1696 1435 Au·-

316 1474 402 1511 otor
428 1471 530 1511 enim
557 1475 754 1511 sectarum
773 1482 1020 1511 successores
1048 1482 1289 1519 enumerans,
1317 1471 1498 1521 physicos
1526 1482 1550 1509 a
1567 1470 1696 1510 Xeno·

314 1544 442 1594 phane
477 1556 604 1595 usque
639 1545 688 1584 ad
707 1599 709 1601 -
726 1544 937 1594 Epicurum
973 1545 1028 1584 ita
1059 1544 1237 1584 ordinat:
1296 1544 1567 1595 „Xenophanis
1604 1555 1697 1594 ergo

319 1616 417 1668 „fuit
443 1618 600 1660 auditor
626 1618 888 1665 Parmenides,
918 1618 1001 1657 eius
1028 1618 1152 1665 Zeno;
1192 1618 1330 1659 deinde
1357 1617 1592 1666 Leucippus,
1624 1617 1696 1655 :dev

320 1691 433 1743 „inde
476 1692 745 1739 Democritum
795 1691 1007 1731 Democriti
1046 1694 1177 1730 autem
1218 1691 1417 1730 auditores
1461 1690 1696 1739 Protagoras

320 1764 552 1816 „Abderites
581 1770 621 1803 et
647 1765 895 1803 Metrodorus
925 1764 1062 1812 Chius,
1091 1765 1201 1803 cuius
1227 1764 1421 1813 Diogenes
1451 1763 1696 1813 Smyrnaeus,

320 1838 454 1892 „cuius
481 1838 748 1887 Anaxarchus,
777 1838 860 1878 eius
888 1841 1017 1879 autem
1044 1838 1238 1890 Pyrrhon,
1265 1838 1377 1878 euius
1404 1837 1696 1887 Nausiphanes;

320 1914 427 1964 „eius
456 1913 590 1952 dicunt
618 1913 791 1952 nonnulli
819 1913 1050 1962 discipulum
1078 1912 1197 1952 fuisse
1224 1911 1472 1961 Epicurum.“

425 1987 502 2028 Sed
544 1988 618 2028 iam
657 1999 737 2027 rem
784 1987 1058 2038 aggrediamur
1092 1987 1216 2037 ipsam
1262 1989 1304 2027 et
1339 1986 1506 2036 primum
1542 1985 1696 2037 quidem

318 2061 600 2113 disputabimus

988 2216 1028 2289 I.

318 2382 387 2423 DE
416 2381 671 2431 MATERIA,
709 2380 849 2430 QUAE
876 2380 1082 2422 EXSTAT
1117 2379 1363 2420 AETERNA
1398 2378 1466 2420 ET
1496 2378 1695 2419 SOLIDA.

423 2510 532 2558 Quae
559 2509 797 2549 antecedunt
824 2508 872 2547 de
900 2508 992 2556 diis,
1021 2508 1068 2547 de
1097 2506 1352 2557 cognoscendi
1379 2505 1696 2555 intelligendique

318 2584 487 2632 natione,
518 2584 573 2628 »de
602 2583 799 2633 principio
827 2594 994 2632 summo,
1030 2580 1314 2631 praemittenda
1349 2583 1481 2629 erant,
1518 2579 1612 2630 quia.
1635 2578 1696 2622 his
