<?xml version="1.0" encoding="UTF-8"?>
<!DOCTYPE html PUBLIC "-//W3C//DTD XHTML 1.0 Transitional//EN"
    "http://www.w3.org/TR/xhtml1/DTD/xhtml1-transitional.dtd">
<html xmlns="http://www.w3.org/1999/xhtml" xml:lang="en" lang="en">
 <head>
  <title>
</title>
<meta http-equiv="Content-Type" content="text/html;charset=utf-8" />
  <meta name='ocr-system' content='tesseract 3.04.00' />
  <meta name='ocr-capabilities' content='ocr_page ocr_carea ocr_par ocr_line ocrx_word'/>
</head>
<body>
  <div class='ocr_page' id='page_1' title='image "4771426_0048.png"; bbox 0 0 1968 2859; ppageno 0'>
   <div class='ocr_carea' id='block_1_1' title="bbox 330 252 1726 374">
    <p class='ocr_par' dir='ltr' id='par_1_1' title="bbox 330 252 1726 366">
     <span class='ocr_line' id='line_1_1' title="bbox 344 252 1726 303; baseline 0.001 -12"><span class='ocrx_word' id='word_1_1' title='bbox 344 253 385 291; x_wconf 85' lang='lat' dir='ltr'>in</span> <span class='ocrx_word' id='word_1_2' title='bbox 425 252 555 292; x_wconf 76' lang='lat' dir='ltr'>rebus</span> <span class='ocrx_word' id='word_1_3' title='bbox 583 252 819 302; x_wconf 68' lang='lat' dir='ltr'>explicandis</span> <span class='ocrx_word' id='word_1_4' title='bbox 863 253 1058 292; x_wconf 79' lang='lat' dir='ltr'><strong>clinamen</strong></span> <span class='ocrx_word' id='word_1_5' title='bbox 1091 255 1164 302; x_wconf 79' lang='lat' dir='ltr'>sit,</span> <span class='ocrx_word' id='word_1_6' title='bbox 1205 254 1457 303; x_wconf 69' lang='lat' dir='ltr'>intelligatur.</span> <span class='ocrx_word' id='word_1_7' title='bbox 1522 252 1726 302; x_wconf 77' lang='lat' dir='ltr'>Legunuir</span> 
     </span>
     <span class='ocr_line' id='line_1_2' title="bbox 330 325 619 374; baseline 0.004 -9"><span class='ocrx_word' id='word_1_8' title='bbox 330 328 477 374; x_wconf 67' lang='lat' dir='ltr'>autem</span> <span class='ocrx_word' id='word_1_9' title='bbox 504 325 619 366; x_wconf 64' lang='lat' dir='ltr'>haec}</span> 
     </span>
    </p>
   </div>
   <div class='ocr_carea' id='block_1_2' title="bbox 346 429 1658 1014">
    <p class='ocr_par' dir='ltr' id='par_1_2' title="bbox 346 429 1658 996">
     <span class='ocr_line' id='line_1_3' title="bbox 346 429 1658 477; baseline 0 -10"><span class='ocrx_word' id='word_1_10' title='bbox 346 432 394 477; x_wconf 88' lang='grc' dir='ltr'>Π,</span> <span class='ocrx_word' id='word_1_11' title='bbox 419 433 505 468; x_wconf 83' lang='lat'>284:</span> <span class='ocrx_word' id='word_1_12' title='bbox 556 442 693 477; x_wconf 72' lang='lat' dir='ltr'>„quare</span> <span class='ocrx_word' id='word_1_13' title='bbox 718 431 756 466; x_wconf 89' lang='lat' dir='ltr'>in</span> <span class='ocrx_word' id='word_1_14' title='bbox 782 431 978 467; x_wconf 89' lang='lat' dir='ltr'>seminibus</span> <span class='ocrx_word' id='word_1_15' title='bbox 994 442 1150 476; x_wconf 88' lang='lat' dir='ltr'>quoque</span> <span class='ocrx_word' id='word_1_16' title='bbox 1175 431 1271 467; x_wconf 85' lang='lat' dir='ltr'>idem</span> <span class='ocrx_word' id='word_1_17' title='bbox 1296 432 1435 468; x_wconf 83' lang='lat' dir='ltr'>fateare</span> <span class='ocrx_word' id='word_1_18' title='bbox 1460 429 1658 477; x_wconf 78' lang='lat' dir='ltr'>necessest,</span> 
     </span>
     <span class='ocr_line' id='line_1_4' title="bbox 559 487 1535 534; baseline 0.002 -11"><span class='ocrx_word' id='word_1_19' title='bbox 559 498 664 534; x_wconf 83' lang='lat' dir='ltr'>„esse</span> <span class='ocrx_word' id='word_1_20' title='bbox 690 488 799 524; x_wconf 83' lang='lat' dir='ltr'>aliam</span> <span class='ocrx_word' id='word_1_21' title='bbox 815 491 967 534; x_wconf 86' lang='lat' dir='ltr'>praeter</span> <span class='ocrx_word' id='word_1_22' title='bbox 990 487 1126 533; x_wconf 84' lang='lat' dir='ltr'>plagas</span> <span class='ocrx_word' id='word_1_23' title='bbox 1143 491 1182 524; x_wconf 87' lang='lat' dir='ltr'>et</span> <span class='ocrx_word' id='word_1_24' title='bbox 1204 489 1367 534; x_wconf 84' lang='lat' dir='ltr'>pondera</span> <span class='ocrx_word' id='word_1_25' title='bbox 1391 501 1535 526; x_wconf 85' lang='lat' dir='ltr'>causam</span> 
     </span>
     <span class='ocr_line' id='line_1_5' title="bbox 540 541 1548 592; baseline 0.001 -11"><span class='ocrx_word' id='word_1_26' title='bbox 540 541 751 592; x_wconf 75' lang='lat' dir='ltr'>&#39;‚&#39;‚motibus,</span> <span class='ocrx_word' id='word_1_27' title='bbox 774 547 871 582; x_wconf 78' lang='lat' dir='ltr'>unde</span> <span class='ocrx_word' id='word_1_28' title='bbox 896 546 987 582; x_wconf 85' lang='lat' dir='ltr'>haec</span> <span class='ocrx_word' id='word_1_29' title='bbox 1013 548 1070 582; x_wconf 81' lang='lat' dir='ltr'>est</span> <span class='ocrx_word' id='word_1_30' title='bbox 1092 546 1199 582; x_wconf 89' lang='lat' dir='ltr'>nobis</span> <span class='ocrx_word' id='word_1_31' title='bbox 1223 546 1363 582; x_wconf 70' lang='lat' dir='ltr'>innata</span> <span class='ocrx_word' id='word_1_32' title='bbox 1369 549 1548 592; x_wconf 76' lang='lat' dir='ltr'>potestas3</span> 
     </span>
     <span class='ocr_line' id='line_1_6' title="bbox 557 600 1433 655; baseline 0 -15"><span class='ocrx_word' id='word_1_33' title='bbox 557 603 628 650; x_wconf 81' lang='lat' dir='ltr'>„de</span> <span class='ocrx_word' id='word_1_34' title='bbox 652 604 726 646; x_wconf 88' lang='lat' dir='ltr'>nilo</span> <span class='ocrx_word' id='word_1_35' title='bbox 752 605 922 649; x_wconf 83' lang='lat' dir='ltr'>quoniam</span> <span class='ocrx_word' id='word_1_36' title='bbox 946 604 1023 655; x_wconf 76' lang='lat' dir='ltr'>fieri</span> <span class='ocrx_word' id='word_1_37' title='bbox 1047 605 1099 639; x_wconf 90' lang='lat' dir='ltr'>nil</span> <span class='ocrx_word' id='word_1_38' title='bbox 1123 615 1232 650; x_wconf 87' lang='lat' dir='ltr'>posse</span> <span class='ocrx_word' id='word_1_39' title='bbox 1252 600 1433 641; x_wconf 76' lang='lat' dir='ltr'>videmus.</span> 
     </span>
     <span class='ocr_line' id='line_1_7' title="bbox 556 661 1518 712; baseline 0 -16"><span class='ocrx_word' id='word_1_40' title='bbox 556 661 842 712; x_wconf 82' lang='lat' dir='ltr'>„pondusenim</span> <span class='ocrx_word' id='word_1_41' title='bbox 864 662 1048 707; x_wconf 80' lang='lat' dir='ltr'>prohibet,</span> <span class='ocrx_word' id='word_1_42' title='bbox 1072 673 1117 697; x_wconf 90' lang='lat' dir='ltr'>ne</span> <span class='ocrx_word' id='word_1_43' title='bbox 1142 662 1262 707; x_wconf 84' lang='lat' dir='ltr'>plagis</span> <span class='ocrx_word' id='word_1_44' title='bbox 1287 663 1406 700; x_wconf 87' lang='lat' dir='ltr'>omnia</span> <span class='ocrx_word' id='word_1_45' title='bbox 1430 662 1518 698; x_wconf 87' lang='lat' dir='ltr'>fiant</span> 
     </span>
     <span class='ocr_line' id='line_1_8' title="bbox 558 709 1550 769; baseline 0.001 -16"><span class='ocrx_word' id='word_1_46' title='bbox 558 721 732 761; x_wconf 62' lang='lat' dir='ltr'>„externa</span> <span class='ocrx_word' id='word_1_47' title='bbox 758 719 863 764; x_wconf 84' lang='lat' dir='ltr'>quasi</span> <span class='ocrx_word' id='word_1_48' title='bbox 888 720 942 766; x_wconf 81' lang='lat' dir='ltr'>vi3</span> <span class='ocrx_word' id='word_1_49' title='bbox 970 719 1035 755; x_wconf 86' lang='lat' dir='ltr'>sed</span> <span class='ocrx_word' id='word_1_50' title='bbox 1059 730 1104 755; x_wconf 90' lang='lat' dir='ltr'>ne</span> <span class='ocrx_word' id='word_1_51' title='bbox 1130 730 1231 769; x_wconf 83' lang='lat' dir='ltr'>mens</span> <span class='ocrx_word' id='word_1_52' title='bbox 1256 719 1336 765; x_wconf 89' lang='lat' dir='ltr'>ipsa</span> <span class='ocrx_word' id='word_1_53' title='bbox 1361 709 1550 755; x_wconf 83' lang='lat' dir='ltr'>necessum</span> 
     </span>
     <span class='ocr_line' id='line_1_9' title="bbox 557 768 1491 822; baseline 0.002 -12"><span class='ocrx_word' id='word_1_54' title='bbox 557 775 791 821; x_wconf 64' lang='lat' dir='ltr'>„intestinum</span> <span class='ocrx_word' id='word_1_55' title='bbox 815 776 951 813; x_wconf 81' lang='lat' dir='ltr'>habeat</span> <span class='ocrx_word' id='word_1_56' title='bbox 975 777 1114 812; x_wconf 84' lang='lat' dir='ltr'>cunctis</span> <span class='ocrx_word' id='word_1_57' title='bbox 1138 777 1175 811; x_wconf 92' lang='lat' dir='ltr'>in</span> <span class='ocrx_word' id='word_1_58' title='bbox 1199 778 1310 812; x_wconf 87' lang='lat' dir='ltr'>rebus</span> <span class='ocrx_word' id='word_1_59' title='bbox 1339 768 1491 822; x_wconf 75' lang='lat' dir='ltr'>agendis</span> 
     </span>
     <span class='ocr_line' id='line_1_10' title="bbox 542 834 1465 881; baseline 0.001 -12"><span class='ocrx_word' id='word_1_60' title='bbox 542 837 621 879; x_wconf 67' lang='lat' dir='ltr'>„et</span> <span class='ocrx_word' id='word_1_61' title='bbox 640 834 790 870; x_wconf 77' lang='lat' dir='ltr'>devicta</span> <span class='ocrx_word' id='word_1_62' title='bbox 814 835 919 879; x_wconf 79' lang='lat' dir='ltr'>&#39;quasi</span> <span class='ocrx_word' id='word_1_63' title='bbox 945 835 983 869; x_wconf 79' lang='lat' dir='ltr'>id</span> <span class='ocrx_word' id='word_1_64' title='bbox 1005 838 1161 879; x_wconf 75' lang='lat' dir='ltr'>cogatur</span> <span class='ocrx_word' id='word_1_65' title='bbox 1184 834 1281 870; x_wconf 86' lang='lat' dir='ltr'>ferre</span> <span class='ocrx_word' id='word_1_66' title='bbox 1304 836 1465 881; x_wconf 81' lang='lat' dir='ltr'>patique,</span> 
     </span>
     <span class='ocr_line' id='line_1_11' title="bbox 556 891 1412 939; baseline 0.002 -12"><span class='ocrx_word' id='word_1_67' title='bbox 556 891 619 936; x_wconf 86' lang='lat' dir='ltr'>„id</span> <span class='ocrx_word' id='word_1_68' title='bbox 645 891 732 928; x_wconf 82' lang='lat' dir='ltr'>facit</span> <span class='ocrx_word' id='word_1_69' title='bbox 757 892 926 938; x_wconf 82' lang='lat' dir='ltr'>exiguum</span> <span class='ocrx_word' id='word_1_70' title='bbox 952 893 1129 929; x_wconf 82' lang='lat' dir='ltr'>clinamen</span> <span class='ocrx_word' id='word_1_71' title='bbox 1154 892 1412 939; x_wconf 83' lang='lat' dir='ltr'>principiorum</span> 
     </span>
     <span class='ocr_line' id='line_1_12' title="bbox 558 949 1480 1014; baseline 0.003 -31"><span class='ocrx_word' id='word_1_72' title='bbox 558 959 649 994; x_wconf 85' lang='lat' dir='ltr'>„nec</span> <span class='ocrx_word' id='word_1_73' title='bbox 673 950 824 994; x_wconf 85' lang='lat' dir='ltr'>regione</span> <span class='ocrx_word' id='word_1_74' title='bbox 849 950 920 985; x_wconf 86' lang='lat' dir='ltr'>loci</span> <span class='ocrx_word' id='word_1_75' title='bbox 946 953 1044 985; x_wconf 87' lang='lat' dir='ltr'>certa</span> <span class='ocrx_word' id='word_1_76' title='bbox 1068 961 1135 1003; x_wconf 87' lang='lat' dir='ltr'>nee</span> <span class='ocrx_word' id='word_1_77' title='bbox 1160 953 1320 1014; x_wconf 82' lang='lat' dir='ltr'>ternpore</span> <span class='ocrx_word' id='word_1_78' title='bbox 1345 949 1480 1003; x_wconf 85' lang='lat' dir='ltr'>cert0.“</span> 
     </span>
    </p>
   </div>
   <div class='ocr_carea' id='block_1_3' title="bbox 324 1057 1776 2137">
    <p class='ocr_par' dir='ltr' id='par_1_3' title="bbox 345 1057 1724 1181">
     <span class='ocr_line' id='line_1_13' title="bbox 412 1057 1724 1132; baseline 0.002 -36.061"><span class='ocrx_word' id='word_1_79' title='bbox 412 1057 661 1098; x_wconf 71' lang='lat' dir='ltr'>Sententiis</span> <span class='ocrx_word' id='word_1_80' title='bbox 689 1058 885 1098; x_wconf 82' lang='lat' dir='ltr'>hactenus</span> <span class='ocrx_word' id='word_1_81' title='bbox 904 1060 1033 1098; x_wconf 81' lang='lat' dir='ltr'>citatis</span> <span class='ocrx_word' id='word_1_82' title='bbox 1062 1060 1255 1108; x_wconf 84' lang='lat' dir='ltr'>aperitur</span> <span class='ocrx_word' id='word_1_83' title='bbox 1292 1059 1481 1109; x_wconf 77' lang='lat' dir='ltr'>quomodo</span> <span class='ocrx_word' id='word_1_84' title='bbox 1510 1063 1724 1132; x_wconf 78' lang='lat' dir='ltr'>atomorum</span> 
     </span>
     <span class='ocr_line' id='line_1_14' title="bbox 345 1131 1502 1190; baseline -0.001 -19"><span class='ocrx_word' id='word_1_85' title='bbox 345 1141 569 1190; x_wconf 81' lang='lat' dir='ltr'>concursus</span> <span class='ocrx_word' id='word_1_86' title='bbox 597 1132 697 1171; x_wconf 87' lang='lat' dir='ltr'>ictus</span> <span class='ocrx_word' id='word_1_87' title='bbox 726 1132 789 1171; x_wconf 91' lang='lat' dir='ltr'>vel</span> <span class='ocrx_word' id='word_1_88' title='bbox 818 1132 956 1181; x_wconf 82' lang='lat' dir='ltr'>plagae</span> <span class='ocrx_word' id='word_1_89' title='bbox 985 1133 1187 1172; x_wconf 86' lang='lat' dir='ltr'>clinamine</span> <span class='ocrx_word' id='word_1_90' title='bbox 1213 1131 1314 1172; x_wconf 85' lang='lat' dir='ltr'>effici</span> <span class='ocrx_word' id='word_1_91' title='bbox 1342 1133 1502 1181; x_wconf 82' lang='lat' dir='ltr'>possint.</span> 
     </span>
    </p>

    <p class='ocr_par' dir='ltr' id='par_1_4' title="bbox 324 1204 1776 1915">
     <span class='ocr_line' id='line_1_15' title="bbox 449 1204 1722 1256; baseline 0.001 -12"><span class='ocrx_word' id='word_1_92' title='bbox 449 1204 561 1245; x_wconf 84' lang='lat' dir='ltr'>Nunc</span> <span class='ocrx_word' id='word_1_93' title='bbox 588 1205 798 1254; x_wconf 80' lang='lat' dir='ltr'>videamus,</span> <span class='ocrx_word' id='word_1_94' title='bbox 834 1218 935 1256; x_wconf 90' lang='lat' dir='ltr'>quae</span> <span class='ocrx_word' id='word_1_95' title='bbox 964 1206 1155 1255; x_wconf 84' lang='lat' dir='ltr'>Epicurus</span> <span class='ocrx_word' id='word_1_96' title='bbox 1183 1206 1230 1245; x_wconf 87' lang='lat' dir='ltr'>de</span> <span class='ocrx_word' id='word_1_97' title='bbox 1258 1209 1473 1245; x_wconf 84' lang='lat' dir='ltr'>atomorum</span> <span class='ocrx_word' id='word_1_98' title='bbox 1501 1212 1607 1245; x_wconf 83' lang='lat' dir='ltr'>motu</span> <span class='ocrx_word' id='word_1_99' title='bbox 1636 1217 1722 1247; x_wconf 83' lang='lat' dir='ltr'>sen-</span> 
     </span>
     <span class='ocr_line' id='line_1_16' title="bbox 345 1264 1723 1331; baseline 0.002 -13"><span class='ocrx_word' id='word_1_100' title='bbox 345 1280 451 1319; x_wconf 76' lang='lat' dir='ltr'>serit.</span> <span class='ocrx_word' id='word_1_101' title='bbox 516 1264 686 1319; x_wconf 74' lang='lat' dir='ltr'>Primum</span> <span class='ocrx_word' id='word_1_102' title='bbox 714 1280 825 1330; x_wconf 85' lang='lat' dir='ltr'>Diog.</span> <span class='ocrx_word' id='word_1_103' title='bbox 855 1281 898 1319; x_wconf 90' lang='lat' dir='ltr'>L.</span> <span class='ocrx_word' id='word_1_104' title='bbox 928 1281 974 1327; x_wconf 84' lang='lat' dir='ltr'>x,</span> <span class='ocrx_word' id='word_1_105' title='bbox 1004 1281 1054 1319; x_wconf 87' lang='lat'>43</span> <span class='ocrx_word' id='word_1_106' title='bbox 1091 1280 1226 1319; x_wconf 77' lang='lat' dir='ltr'>laudat</span> <span class='ocrx_word' id='word_1_107' title='bbox 1264 1280 1374 1320; x_wconf 83' lang='lat' dir='ltr'>haec:</span> <span class='ocrx_word' id='word_1_108' title='bbox 1425 1280 1648 1331; x_wconf 53' lang='lat' dir='ltr'>„ntvonmt</span> <span class='ocrx_word' id='word_1_109' title='bbox 1682 1296 1723 1320; x_wconf 66' lang='grc' dir='ltr'>τε</span> 
     </span>
     <span class='ocr_line' id='line_1_17' title="bbox 344 1352 1776 1404; baseline -0.001 -11"><span class='ocrx_word' id='word_1_110' title='bbox 344 1358 520 1403; x_wconf 67' lang='grc' dir='ltr'><em>συνεχῶς</em></span> <span class='ocrx_word' id='word_1_111' title='bbox 551 1354 595 1394; x_wconf 73' lang='grc' dir='ltr'>,αἱ</span> <span class='ocrx_word' id='word_1_112' title='bbox 633 1352 795 1404; x_wconf 78' lang='grc' dir='ltr'><strong><em>ἄτομοι;</em></strong></span> <span class='ocrx_word' id='word_1_113' title='bbox 835 1353 935 1392; x_wconf 86' lang='lat' dir='ltr'>hunc</span> <span class='ocrx_word' id='word_1_114' title='bbox 977 1357 1106 1392; x_wconf 88' lang='lat' dir='ltr'>autem</span> <span class='ocrx_word' id='word_1_115' title='bbox 1150 1357 1294 1392; x_wconf 89' lang='lat' dir='ltr'>motum</span> <span class='ocrx_word' id='word_1_116' title='bbox 1336 1354 1499 1403; x_wconf 87' lang='lat' dir='ltr'>primum</span> <span class='ocrx_word' id='word_1_117' title='bbox 1541 1353 1725 1392; x_wconf 83' lang='lat' dir='ltr'>vocitavit</span> <span class='ocrx_word' id='word_1_118' title='bbox 1774 1370 1776 1372; x_wconf 96' lang='lat'>·</span> 
     </span>
     <span class='ocr_line' id='line_1_18' title="bbox 341 1424 1722 1478; baseline -0.001 -11"><span class='ocrx_word' id='word_1_119' title='bbox 341 1427 498 1478; x_wconf 64' lang='lat' dir='ltr'>nimum</span> <span class='ocrx_word' id='word_1_120' title='bbox 524 1427 625 1467; x_wconf 72' lang='grc' dir='ltr'>κατὰ</span> <span class='ocrx_word' id='word_1_121' title='bbox 653 1424 838 1478; x_wconf 70' lang='grc' dir='ltr'>στάθμην</span> <span class='ocrx_word' id='word_1_122' title='bbox 878 1427 943 1477; x_wconf 88' lang='lat' dir='ltr'>(cf.</span> <span class='ocrx_word' id='word_1_123' title='bbox 964 1428 1216 1476; x_wconf 79' lang='lat' dir='ltr'>Pseudoplut.</span> <span class='ocrx_word' id='word_1_124' title='bbox 1237 1428 1285 1466; x_wconf 80' lang='lat' dir='ltr'>de</span> <span class='ocrx_word' id='word_1_125' title='bbox 1305 1428 1401 1476; x_wconf 87' lang='lat' dir='ltr'>plac.</span> <span class='ocrx_word' id='word_1_126' title='bbox 1422 1428 1484 1476; x_wconf 83' lang='lat' dir='ltr'>ph&#39;.</span> <span class='ocrx_word' id='word_1_127' title='bbox 1505 1428 1534 1474; x_wconf 76' lang='lat' dir='ltr'>I,</span> <span class='ocrx_word' id='word_1_128' title='bbox 1557 1428 1618 1474; x_wconf 79' lang='lat'>12,</span> <span class='ocrx_word' id='word_1_129' title='bbox 1642 1427 1722 1476; x_wconf 79' lang='lat'><strong>23).</strong></span> 
     </span>
     <span class='ocr_line' id='line_1_19' title="bbox 343 1499 1723 1548; baseline -0.001 -10"><span class='ocrx_word' id='word_1_130' title='bbox 343 1499 493 1538; x_wconf 87' lang='lat' dir='ltr'>Deinde</span> <span class='ocrx_word' id='word_1_131' title='bbox 521 1499 658 1538; x_wconf 82' lang='lat' dir='ltr'>Cicero</span> <span class='ocrx_word' id='word_1_132' title='bbox 686 1501 785 1537; x_wconf 59' lang='lat' dir='ltr'>eum‘</span> <span class='ocrx_word' id='word_1_133' title='bbox 802 1505 929 1538; x_wconf 85' lang='lat' dir='ltr'>motus</span> <span class='ocrx_word' id='word_1_134' title='bbox 958 1511 1113 1539; x_wconf 81' lang='lat' dir='ltr'>causam</span> <span class='ocrx_word' id='word_1_135' title='bbox 1141 1500 1179 1538; x_wconf 92' lang='lat' dir='ltr'>in</span> <span class='ocrx_word' id='word_1_136' title='bbox 1208 1500 1400 1548; x_wconf 76' lang='lat' dir='ltr'>gravitate</span> <span class='ocrx_word' id='word_1_137' title='bbox 1437 1501 1517 1538; x_wconf 87' lang='lat' dir='ltr'>sive</span> <span class='ocrx_word' id='word_1_138' title='bbox 1552 1500 1723 1548; x_wconf 87' lang='lat' dir='ltr'>pondere</span> 
     </span>
     <span class='ocr_line' id='line_1_20' title="bbox 343 1567 1722 1623; baseline -0.001 -11"><span class='ocrx_word' id='word_1_139' title='bbox 343 1567 603 1622; x_wconf 74' lang='lat' dir='ltr'>quaesivisse,</span> <span class='ocrx_word' id='word_1_140' title='bbox 640 1572 745 1612; x_wconf 83' lang='lat' dir='ltr'>clare</span> <span class='ocrx_word' id='word_1_141' title='bbox 781 1574 1007 1622; x_wconf 74' lang='lat' dir='ltr'>pronuntiat</span> <span class='ocrx_word' id='word_1_142' title='bbox 1035 1574 1082 1611; x_wconf 89' lang='lat' dir='ltr'>de</span> <span class='ocrx_word' id='word_1_143' title='bbox 1110 1573 1172 1611; x_wconf 86' lang='lat' dir='ltr'>fin.</span> <span class='ocrx_word' id='word_1_144' title='bbox 1202 1573 1231 1620; x_wconf 82' lang='grc' dir='ltr'>Ι,</span> <span class='ocrx_word' id='word_1_145' title='bbox 1262 1573 1282 1622; x_wconf 63' lang='grc' dir='ltr'>ἓ</span> <span class='ocrx_word' id='word_1_146' title='bbox 1312 1574 1379 1612; x_wconf 84' lang='lat'>18:</span> <span class='ocrx_word' id='word_1_147' title='bbox 1429 1572 1595 1623; x_wconf 83' lang='lat' dir='ltr'>„Censet</span> <span class='ocrx_word' id='word_1_148' title='bbox 1623 1573 1722 1611; x_wconf 88' lang='lat' dir='ltr'>enim</span> 
     </span>
     <span class='ocr_line' id='line_1_21' title="bbox 346 1645 1722 1698; baseline -0.001 -13"><span class='ocrx_word' id='word_1_149' title='bbox 346 1645 611 1698; x_wconf 85' lang='lat' dir='ltr'>„(Epicurus),</span> <span class='ocrx_word' id='word_1_150' title='bbox 640 1646 773 1685; x_wconf 86' lang='lat' dir='ltr'>eadem</span> <span class='ocrx_word' id='word_1_151' title='bbox 805 1647 871 1685; x_wconf 87' lang='lat' dir='ltr'>illa</span> <span class='ocrx_word' id='word_1_152' title='bbox 898 1647 1095 1686; x_wconf 84' lang='lat' dir='ltr'>individua</span> <span class='ocrx_word' id='word_1_153' title='bbox 1123 1651 1163 1685; x_wconf 91' lang='lat' dir='ltr'>et</span> <span class='ocrx_word' id='word_1_154' title='bbox 1190 1647 1313 1685; x_wconf 84' lang='lat' dir='ltr'>solida</span> <span class='ocrx_word' id='word_1_155' title='bbox 1341 1658 1505 1695; x_wconf 84' lang='lat' dir='ltr'>corpora</span> <span class='ocrx_word' id='word_1_156' title='bbox 1530 1646 1624 1685; x_wconf 81' lang='lat' dir='ltr'>ferri</span> <span class='ocrx_word' id='word_1_157' title='bbox 1653 1658 1722 1685; x_wconf 84' lang='lat' dir='ltr'>suo</span> 
     </span>
     <span class='ocr_line' id='line_1_22' title="bbox 340 1718 1722 1771; baseline -0.001 -13"><span class='ocrx_word' id='word_1_158' title='bbox 340 1720 550 1771; x_wconf 55' lang='lat' dir='ltr'>„deorsum</span> <span class='ocrx_word' id='word_1_159' title='bbox 577 1719 748 1768; x_wconf 82' lang='lat' dir='ltr'>pondere</span> <span class='ocrx_word' id='word_1_160' title='bbox 782 1720 831 1758; x_wconf 85' lang='lat' dir='ltr'>ad</span> <span class='ocrx_word' id='word_1_161' title='bbox 859 1720 1021 1767; x_wconf 80' lang='lat' dir='ltr'>lineam3</span> <span class='ocrx_word' id='word_1_162' title='bbox 1058 1720 1160 1759; x_wconf 85' lang='lat' dir='ltr'>hunc</span> <span class='ocrx_word' id='word_1_163' title='bbox 1197 1719 1411 1758; x_wconf 84' lang='lat' dir='ltr'>naturalem</span> <span class='ocrx_word' id='word_1_164' title='bbox 1438 1730 1527 1758; x_wconf 84' lang='lat' dir='ltr'>esse</span> <span class='ocrx_word' id='word_1_165' title='bbox 1556 1718 1722 1757; x_wconf 83' lang='lat' dir='ltr'>omnium</span> 
     </span>
     <span class='ocr_line' id='line_1_23' title="bbox 324 1791 1722 1843; baseline -0.001 -11"><span class='ocrx_word' id='word_1_166' title='bbox 324 1791 575 1843; x_wconf 53' lang='lat' dir='ltr'>⁴„corporum</span> <span class='ocrx_word' id='word_1_167' title='bbox 610 1792 793 1832; x_wconf 83' lang='lat' dir='ltr'>motum.“</span> <span class='ocrx_word' id='word_1_168' title='bbox 863 1793 910 1832; x_wconf 87' lang='lat' dir='ltr'>cf.</span> <span class='ocrx_word' id='word_1_169' title='bbox 936 1793 983 1832; x_wconf 89' lang='lat' dir='ltr'>de</span> <span class='ocrx_word' id='word_1_170' title='bbox 1011 1797 1089 1832; x_wconf 85' lang='lat' dir='ltr'>nat.</span> <span class='ocrx_word' id='word_1_171' title='bbox 1125 1793 1229 1832; x_wconf 90' lang='lat' dir='ltr'>deor.</span> <span class='ocrx_word' id='word_1_172' title='bbox 1268 1793 1297 1838; x_wconf 84' lang='grc' dir='ltr'>Ι,</span> <span class='ocrx_word' id='word_1_173' title='bbox 1335 1793 1356 1842; x_wconf 66' lang='grc' dir='ltr'>ξ</span> <span class='ocrx_word' id='word_1_174' title='bbox 1392 1793 1462 1841; x_wconf 87' lang='grc'>69;</span> <span class='ocrx_word' id='word_1_175' title='bbox 1509 1793 1556 1831; x_wconf 89' lang='lat' dir='ltr'>de</span> <span class='ocrx_word' id='word_1_176' title='bbox 1583 1792 1663 1833; x_wconf 84' lang='lat' dir='ltr'>fat-0</span> <span class='ocrx_word' id='word_1_177' title='bbox 1691 1793 1722 1840; x_wconf 84' lang='grc' dir='ltr'>Ι,</span> 
     </span>
     <span class='ocr_line' id='line_1_24' title="bbox 341 1866 1669 1915; baseline -0.001 -11"><span class='ocrx_word' id='word_1_178' title='bbox 341 1866 365 1915; x_wconf 64' lang='grc' dir='ltr'>ξ</span> <span class='ocrx_word' id='word_1_179' title='bbox 392 1866 455 1904; x_wconf 82' lang='grc'>22.</span> <span class='ocrx_word' id='word_1_180' title='bbox 472 1870 512 1904; x_wconf 89' lang='lat' dir='ltr'>et</span> <span class='ocrx_word' id='word_1_181' title='bbox 537 1866 603 1904; x_wconf 75' lang='lat'>23.</span> <span class='ocrx_word' id='word_1_182' title='bbox 1665 1871 1669 1876; x_wconf 81' lang='grc'><em>·</em></span> 
     </span>
    </p>

    <p class='ocr_par' dir='ltr' id='par_1_5' title="bbox 342 1928 1765 2137">
     <span class='ocr_line' id='line_1_25' title="bbox 386 1928 1723 1995; baseline -0.001 -17"><span class='ocrx_word' id='word_1_183' title='bbox 386 1970 389 1972; x_wconf 91' lang='grc'>.</span> <span class='ocrx_word' id='word_1_184' title='bbox 419 1928 423 1932; x_wconf 49' lang='grc'><strong>”</strong></span> <span class='ocrx_word' id='word_1_185' title='bbox 448 1938 571 1978; x_wconf 85' lang='lat' dir='ltr'>Porro</span> <span class='ocrx_word' id='word_1_186' title='bbox 608 1938 712 1988; x_wconf 89' lang='lat' dir='ltr'>quod</span> <span class='ocrx_word' id='word_1_187' title='bbox 745 1938 885 1978; x_wconf 83' lang='lat' dir='ltr'>attinet</span> <span class='ocrx_word' id='word_1_188' title='bbox 919 1939 966 1977; x_wconf 85' lang='lat' dir='ltr'>ad</span> <span class='ocrx_word' id='word_1_189' title='bbox 1002 1939 1224 1995; x_wconf 83' lang='lat' dir='ltr'>graviorum</span> <span class='ocrx_word' id='word_1_190' title='bbox 1252 1938 1515 1989; x_wconf 84' lang='lat' dir='ltr'>leviorumque</span> <span class='ocrx_word' id='word_1_191' title='bbox 1548 1940 1588 1978; x_wconf 92' lang='lat' dir='ltr'>in</span> <span class='ocrx_word' id='word_1_192' title='bbox 1618 1938 1723 1977; x_wconf 78' lang='lat' dir='ltr'>inani</span> 
     </span>
     <span class='ocr_line' id='line_1_26' title="bbox 343 2001 1765 2061; baseline -0.001 -10"><span class='ocrx_word' id='word_1_193' title='bbox 343 2013 469 2061; x_wconf 89' lang='lat' dir='ltr'>spatio</span> <span class='ocrx_word' id='word_1_194' title='bbox 497 2015 644 2050; x_wconf 91' lang='lat' dir='ltr'>motum</span> <span class='ocrx_word' id='word_1_195' title='bbox 673 2023 796 2061; x_wconf 88' lang='lat' dir='ltr'>aeque</span> <span class='ocrx_word' id='word_1_196' title='bbox 825 2012 1001 2060; x_wconf 82' lang='lat' dir='ltr'>celerem,</span> <span class='ocrx_word' id='word_1_197' title='bbox 1031 2013 1222 2061; x_wconf 87' lang='lat' dir='ltr'>Epicurus</span> <span class='ocrx_word' id='word_1_198' title='bbox 1252 2012 1299 2050; x_wconf 88' lang='lat' dir='ltr'>ad</span> <span class='ocrx_word' id='word_1_199' title='bbox 1320 2012 1559 2051; x_wconf 87' lang='lat' dir='ltr'>Herodotum</span> <span class='ocrx_word' id='word_1_200' title='bbox 1589 2012 1723 2051; x_wconf 90' lang='lat' dir='ltr'>scribit</span> <span class='ocrx_word' id='word_1_201' title='bbox 1762 2001 1765 2004; x_wconf 37' lang='lat'><em>⁴</em></span> 
     </span>
     <span class='ocr_line' id='line_1_27' title="bbox 342 2083 1721 2137; baseline 0.001 -13"><span class='ocrx_word' id='word_1_202' title='bbox 342 2086 459 2125; x_wconf 83' lang='lat' dir='ltr'>haec:</span> <span class='ocrx_word' id='word_1_203' title='bbox 502 2085 526 2123; x_wconf 90' lang='lat' dir='ltr'>l.</span> <span class='ocrx_word' id='word_1_204' title='bbox 556 2097 587 2124; x_wconf 88' lang='lat' dir='ltr'>c.</span> <span class='ocrx_word' id='word_1_205' title='bbox 617 2085 686 2124; x_wconf 84' lang='lat'>61:</span> <span class='ocrx_word' id='word_1_206' title='bbox 738 2086 826 2135; x_wconf 64' lang='lat' dir='ltr'>„neti</span> <span class='ocrx_word' id='word_1_207' title='bbox 860 2085 938 2136; x_wconf 76' lang='grc' dir='ltr'>μὴν</span> <span class='ocrx_word' id='word_1_208' title='bbox 974 2086 1038 2125; x_wconf 83' lang='grc' dir='ltr'>καὶ</span> <span class='ocrx_word' id='word_1_209' title='bbox 1069 2085 1268 2135; x_wconf 80' lang='grc' dir='ltr'><strong><em>ἰσοταχεῖς</em></strong></span> <span class='ocrx_word' id='word_1_210' title='bbox 1296 2084 1507 2137; x_wconf 67' lang='grc' dir='ltr'><em>ἀναγκαῖον</em></span> <span class='ocrx_word' id='word_1_211' title='bbox 1534 2086 1605 2132; x_wconf 80' lang='grc' dir='ltr'>τὰς</span> <span class='ocrx_word' id='word_1_212' title='bbox 1633 2083 1721 2126; x_wconf 80' lang='grc' dir='ltr'><strong><em>οἷτό-</em></strong></span> 
     </span>
    </p>
   </div>
   <div class='ocr_carea' id='block_1_4' title="bbox 342 2156 1721 2212">
    <p class='ocr_par' dir='ltr' id='par_1_6' title="bbox 342 2156 1721 2212">
     <span class='ocr_line' id='line_1_28' title="bbox 342 2156 1721 2212; baseline -0.001 -14"><span class='ocrx_word' id='word_1_213' title='bbox 342 2174 443 2209; x_wconf 80' lang='grc' dir='ltr'><em>μους</em></span> <span class='ocrx_word' id='word_1_214' title='bbox 471 2156 593 2205; x_wconf 80' lang='grc' dir='ltr'><em>εἶναι,</em></span> <span class='ocrx_word' id='word_1_215' title='bbox 630 2158 724 2198; x_wconf 78' lang='grc' dir='ltr'><strong><em>ὅταν</em></strong></span> <span class='ocrx_word' id='word_1_216' title='bbox 752 2158 823 2197; x_wconf 75' lang='grc' dir='ltr'>διὰ</span> <span class='ocrx_word' id='word_1_217' title='bbox 850 2162 922 2197; x_wconf 83' lang='grc' dir='ltr'>τοῦ</span> <span class='ocrx_word' id='word_1_218' title='bbox 947 2162 1066 2212; x_wconf 58' lang='grc' dir='ltr'><strong><em>κενοῦ</em></strong></span> <span class='ocrx_word' id='word_1_219' title='bbox 1093 2157 1372 2212; x_wconf 64' lang='grc' dir='ltr'><strong><em>εἶςφέριιψται,</em></strong></span> <span class='ocrx_word' id='word_1_220' title='bbox 1408 2158 1578 2209; x_wconf 75' lang='grc' dir='ltr'><strong><em>μηδενὸς</em></strong></span> <span class='ocrx_word' id='word_1_221' title='bbox 1615 2157 1721 2198; x_wconf 67' lang='lat' dir='ltr'>dvm—</span> 
     </span>
    </p>
   </div>
   <div class='ocr_carea' id='block_1_5' title="bbox 477 2347 1532 2648">
    <p class='ocr_par' dir='ltr' id='par_1_7' title="bbox 531 2347 1354 2388">
     <span class='ocr_line' id='line_1_29' title="bbox 531 2347 1354 2388; baseline 0 -10"><span class='ocrx_word' id='word_1_222' title='bbox 531 2352 628 2388; x_wconf 87' lang='lat' dir='ltr'>„tunc</span> <span class='ocrx_word' id='word_1_223' title='bbox 651 2357 716 2378; x_wconf 93' lang='lat' dir='ltr'>non</span> <span class='ocrx_word' id='word_1_224' title='bbox 740 2347 829 2377; x_wconf 77' lang='lat' dir='ltr'>solus</span> <span class='ocrx_word' id='word_1_225' title='bbox 851 2347 946 2378; x_wconf 86' lang='lat' dir='ltr'>homo</span> <span class='ocrx_word' id='word_1_226' title='bbox 970 2347 1028 2378; x_wconf 84' lang='lat' dir='ltr'>tali</span> <span class='ocrx_word' id='word_1_227' title='bbox 1050 2347 1197 2386; x_wconf 84' lang='lat' dir='ltr'>potietur</span> <span class='ocrx_word' id='word_1_228' title='bbox 1218 2348 1354 2386; x_wconf 87' lang='lat' dir='ltr'>honore,</span> 
     </span>
    </p>

    <p class='ocr_par' dir='ltr' id='par_1_8' title="bbox 477 2396 1532 2648">
     <span class='ocr_line' id='line_1_30' title="bbox 477 2396 1501 2440; baseline -0.002 -9"><span class='ocrx_word' id='word_1_229' title='bbox 477 2396 480 2398; x_wconf 54' lang='grc'><strong><em>’</em></strong></span> <span class='ocrx_word' id='word_1_230' title='bbox 532 2400 609 2440; x_wconf 88' lang='lat' dir='ltr'>„qui</span> <span class='ocrx_word' id='word_1_231' title='bbox 631 2399 785 2440; x_wconf 61' lang='lat' dir='ltr'>proprius</span> <span class='ocrx_word' id='word_1_232' title='bbox 808 2399 927 2431; x_wconf 85' lang='lat' dir='ltr'>mentis</span> <span class='ocrx_word' id='word_1_233' title='bbox 949 2402 1059 2430; x_wconf 79' lang='lat' dir='ltr'>tamen</span> <span class='ocrx_word' id='word_1_234' title='bbox 1083 2403 1143 2439; x_wconf 81' lang='lat' dir='ltr'>est,</span> <span class='ocrx_word' id='word_1_235' title='bbox 1166 2398 1256 2430; x_wconf 82' lang='lat' dir='ltr'>velut</span> <span class='ocrx_word' id='word_1_236' title='bbox 1279 2399 1352 2439; x_wconf 82' lang='lat' dir='ltr'>ipse</span> <span class='ocrx_word' id='word_1_237' title='bbox 1375 2398 1501 2437; x_wconf 83' lang='lat' dir='ltr'>fateris,</span> 
     </span>
     <span class='ocr_line' id='line_1_31' title="bbox 532 2451 1532 2493; baseline 0 -9"><span class='ocrx_word' id='word_1_238' title='bbox 532 2453 660 2493; x_wconf 85' lang='lat' dir='ltr'>„libera</span> <span class='ocrx_word' id='word_1_239' title='bbox 683 2457 779 2484; x_wconf 86' lang='lat' dir='ltr'>eruut</span> <span class='ocrx_word' id='word_1_240' title='bbox 801 2452 928 2492; x_wconf 82' lang='lat' dir='ltr'>pariter</span> <span class='ocrx_word' id='word_1_241' title='bbox 951 2457 1034 2491; x_wconf 81' lang='lat' dir='ltr'>quae</span> <span class='ocrx_word' id='word_1_242' title='bbox 1058 2461 1197 2492; x_wconf 80' lang='lat' dir='ltr'>corpora</span> <span class='ocrx_word' id='word_1_243' title='bbox 1220 2462 1350 2492; x_wconf 89' lang='lat' dir='ltr'>cunque</span> <span class='ocrx_word' id='word_1_244' title='bbox 1373 2451 1532 2485; x_wconf 82' lang='lat' dir='ltr'>videmus.</span> 
     </span>
     <span class='ocr_line' id='line_1_32' title="bbox 532 2545 1345 2597; baseline -0.001 -9"><span class='ocrx_word' id='word_1_245' title='bbox 532 2555 588 2597; x_wconf 84' lang='lat' dir='ltr'>„Si</span> <span class='ocrx_word' id='word_1_246' title='bbox 609 2545 713 2588; x_wconf 80' lang='lat' dir='ltr'>libeat</span> <span class='ocrx_word' id='word_1_247' title='bbox 736 2555 809 2596; x_wconf 84' lang='lat' dir='ltr'>soli,</span> <span class='ocrx_word' id='word_1_248' title='bbox 833 2550 970 2588; x_wconf 60' lang='lat' dir='ltr'>sol&#39;non</span> <span class='ocrx_word' id='word_1_249' title='bbox 994 2555 1131 2596; x_wconf 85' lang='lat' dir='ltr'>orietur,</span> <span class='ocrx_word' id='word_1_250' title='bbox 1154 2559 1187 2587; x_wconf 84' lang='lat' dir='ltr'>et</span> <span class='ocrx_word' id='word_1_251' title='bbox 1213 2555 1345 2587; x_wconf 84' lang='lat' dir='ltr'>umbras</span> 
     </span>
     <span class='ocr_line' id='line_1_33' title="bbox 531 2607 1357 2648; baseline 0.001 -9"><span class='ocrx_word' id='word_1_252' title='bbox 531 2608 677 2648; x_wconf 85' lang='lat' dir='ltr'>„pellere</span> <span class='ocrx_word' id='word_1_253' title='bbox 700 2608 878 2640; x_wconf 71' lang='lat' dir='ltr'>nocturnas</span> <span class='ocrx_word' id='word_1_254' title='bbox 900 2608 979 2639; x_wconf 83' lang='lat' dir='ltr'>luna</span> <span class='ocrx_word' id='word_1_255' title='bbox 1000 2608 1171 2648; x_wconf 82' lang='lat' dir='ltr'>indignata</span> <span class='ocrx_word' id='word_1_256' title='bbox 1192 2607 1357 2647; x_wconf 82' lang='lat' dir='ltr'>negabit.“</span> 
     </span>
    </p>
   </div>
  </div>
 </body>
</html>
