1968 2859
1552 112 1613 154 28

333 214 1269 267 Imminuniversoinfinitonihilsummum,
1302 217 1606 267 nihilmodiun,

230 289 324 329 nihii
345 288 520 329 infimum
546 289 763 330 habendum
790 293 862 338 est,
890 293 1129 340 quapropter
1155 291 1318 330 materia
1340 302 1468 341 neque
1485 299 1606 332 unua

229 363 269 403 in
316 362 443 403 locum
477 361 671 402 confluere
706 373 832 412 neque
868 363 1061 403 cumulata
1095 362 1222 404 iacere
1256 367 1404 413 potest,
1456 368 1498 405 at
1531 375 1605 415 po-

228 436 324 475 tius:

228 530 257 575 Ι,
282 529 368 575 995:
416 538 584 575 „semper
606 529 644 564 in
666 527 814 565 assiduo
839 531 938 565 motu
962 539 1021 565 res
1047 539 1214 575 quaeque
1239 533 1414 575 geruntur

414 587 602 632 „partibus
626 595 646 622 e
672 587 821 633 cunctis,
846 589 1067 631 aeternaque
1091 587 1370 632 suppeditantur

413 655 483 690 „ex
505 643 645 682 infinito
670 644 742 681 cita
766 653 921 689 corpora
944 642 1144 681 materiai.“

335 753 501 793 Materia
528 753 693 792 atomive
721 765 814 804 ergo
842 750 1013 792 infinitae
1041 756 1206 800 exstant,

250 861 282 905 1,
306 860 414 896 1051:
461 858 626 905 „infinita
648 869 740 905 opus
764 863 821 896 est
844 859 901 894 vis
925 859 1085 904 undique
1107 857 1317 903 materiai“;

229 978 289 1018 sin
316 990 407 1018 vero
435 979 598 1019 materia
625 977 790 1028 infinita,
819 980 931 1019 inane
960 989 1114 1029 quoque
1147 977 1335 1018 infinitum
1363 990 1447 1019 esse
1475 976 1602 1019 debet.

229 1051 487 1091 Conferantur
512 1051 562 1100 11,
591 1052 686 1099 5443
723 1051 773 1100 Π,
811 1053 909 1092 1048
951 1055 991 1091 et
1031 1051 1246 1091 sententiae
1274 1063 1392 1101 supra
1420 1051 1469 1092 de
1497 1052 1603 1092 inani

228 1125 381 1165 allatae.

333 1220 441 1267 Quae
490 1219 563 1258 huc
596 1220 791 1268 pertinent
831 1220 944 1268 plura
981 1218 1208 1267 afferentur,
1252 1219 1317 1258 ubi
1354 1220 1402 1259 de
1446 1219 1604 1259 infinitis

230 1293 343 1332 unius
362 1292 512 1342 figurae
531 1293 668 1332 atomis
688 1293 962 1343 disputabitur.
992 1293 1062 1332 His
1085 1292 1255 1333 Lucretii
1283 1293 1484 1333 sententiis
1512 1304 1603 1333 con-

229 1369 385 1415 gruunt,
415 1377 514 1416 quae
542 1366 699 1415 Epicuri
728 1366 845 1405 verba
872 1366 1054 1416 leguntur
1082 1367 1185 1415 apud
1211 1367 1258 1404 D.
1279 1367 1322 1404 L.
1351 1367 1399 1414 X,
1426 1368 1499 1405 41:
1537 1369 1604 1408 καὶ

227 1440 306 1491 μὴν
333 1440 400 1479 καὶ
428 1444 484 1491 τῷ
511 1436 663 1490 πλήθει
701 1444 781 1480 τῶν
819 1436 1015 1490 σωμάτων
1044 1437 1212 1494 ἄπειρόν
1239 1439 1324 1480 ἐστι
1359 1440 1403 1480 τὸ
1432 1445 1512 1481 πᾶν
1539 1442 1606 1481 καὶ

226 1517 282 1563 τῷ
308 1512 471 1564 μεγέθει
499 1515 571 1552 τοῦ
598 1516 725 1552 κενοῦ·
754 1513 833 1552 εἴτε
860 1512 935 1567 γὰρ
963 1507 1009 1563 ἦν
1043 1512 1087 1552 τὸ
1107 1501 1236 1553 ’κενὸν
1272 1511 1458 1567 ἄπειρον,
1485 1513 1535 1554 τὰ
1561 1514 1605 1553 δὲ

228 1582 392 1637 σώματα
420 1583 640 1640 ὡρισμένα,
669 1584 850 1636 οὐδαμοῦ
885 1584 933 1625 ἂν
967 1583 1079 1636 εἶ’μενε
1115 1585 1164 1626 τὰ
1198 1581 1374 1637 σώματα,
1402 1584 1487 1627 ἀλλ’
1512 1585 1604 1641 ἐφέ-

228 1674 318 1713 ρετο
336 1659 436 1699 κατὰ
453 1659 497 1700 τὸ
526 1657 693 1712 ἄπειρον
713 1658 825 1700 κενὸν
846 1658 1129 1713 διεσπαρμένα,
1149 1657 1221 1699 οὐκ
1241 1657 1378 1710 ἔχοντα
1405 1659 1454 1700 τὰ
1482 1657 1603 1717 ὕπερ-

228 1732 383 1773 είδοντα
418 1733 484 1772 καὶ
521 1732 731 1773 στέλλοντα
765 1732 864 1773 κατὰ
908 1731 980 1779 τὰς
1016 1728 1231 1779 ἀνακοπάς.
1287 1734 1365 1773 εἴτε
1410 1733 1454 1774 τὸ
1491 1733 1605 1776 κενὸν

227 1803 275 1858 ἦν
303 1804 534 1860 ὡρισμένον,
563 1804 635 1847 οὐκ
664 1804 712 1847 ἂν
731 1802 815 1857 εἶχε
842 1805 892 1846 τὰ
919 1803 1069 1860 ἄπειρα
1088 1803 1263 1856 σώματα,
1291 1804 1395 1848 ὅπου
1424 1805 1472 1848 ἂν
1499 1805 1604 1859 ἔστη.

229 1878 275 1921 cf.
306 1877 410 1919 Sext.
437 1879 549 1929 Emp.
578 1879 663 1918 adv.
691 1878 809 1919 math.
838 1877 902 1918 fol.
931 1878 1020 1917 615.

333 1973 434 2020 Quid
460 1976 589 2012 autem
618 1973 667 2011 de
693 1973 772 2020 illo,
812 1973 852 2010 in
887 1972 1037 2011 infinito
1064 1973 1158 2012 nihil
1187 1984 1375 2012 summum
1403 1973 1498 2011 nihil
1523 1985 1605 2013 me-

229 2048 346 2095 dium,
365 2046 460 2087 nihil
477 2045 647 2087 infimum
666 2058 751 2087 esse
772 2046 977 2095 censuerit,
997 2057 1046 2087 ex
1059 2046 1223 2096 epistola
1237 2046 1287 2086 ad
1301 2045 1543 2087 Herodotum
1552 2046 1605 2096 X,

229 2120 283 2160 60
307 2120 553 2170 perspicuum
580 2130 657 2159 non
684 2124 755 2167 est,
790 2130 878 2158 cum
908 2120 1022 2158 lectio
1058 2119 1380 2168 depravatissima
1415 2120 1607 2168 videatur,

230 2195 279 2234 de
306 2206 384 2245 qua
410 2193 457 2235 cf.
485 2194 523 2233 J.
552 2193 597 2232 G.
629 2193 851 2235 Schneideri
869 2193 1030 2243 Epicuri
1056 2193 1217 2243 physica
1243 2196 1283 2233 et
1309 2194 1607 2244 meteorologica

231 2269 335 2318 Lips.
365 2268 477 2316 1513,
505 2269 575 2308 8³2⁰.
606 2266 681 2306 Sed
702 2266 837 2307 Cicero
857 2267 907 2306 de
924 2266 988 2306 fin.
1007 2266 1094 2307 bon.
1115 2270 1165 2307 et.
1193 2268 1326 2306 malor.
1355 2268 1386 2315 I,
1407 2267 1489 2317 §17
1511 2268 1605 2317 Epi—

231 2352 376 2389 curum,
427 2342 492 2391 qui
520 2340 732 2380 Democriti
766 2340 920 2389 placitis
949 2341 1132 2380 nonnulla
1167 2341 1363 2389 adiecerit,
1411 2353 1608 2391 perpauca

231 2415 449 2462 mutaverit,
478 2424 658 2464 arguenS,
686 2413 787 2453 inter
813 2416 963 2453 mutata
990 2425 1066 2454 non
1094 2417 1304 2462 enumerat,
1334 2426 1447 2464 quam
1474 2415 1605 2455 statim

230 2489 411 2539 proponit
429 2487 640 2528 Democriti
668 2487 909 2534 sententiam,
941 2488 1003 2535 „in
1022 2487 1170 2527 infinito
1188 2488 1305 2535 inani,
1333 2489 1372 2526 in
1393 2499 1469 2538 quo
1488 2488 1605 2528 atomi

231 2561 418 2610 ferantur,
454 2560 547 2600 nihil
575 2572 644 2600 nec
673 2571 861 2599 summum
893 2572 963 2600 nec
998 2558 1181 2609 infimum,
1216 2572 1285 2601 nec
1321 2560 1500 2610 medium,
1534 2571 1605 2601 nec
