1968 2859
302 181 353 219 66

302 263 422 325 causa
449 284 697 334 obstringens
725 296 801 324 non
829 285 944 333 adsit,
979 296 1049 325 cur
1074 285 1269 335 Epicurus
1296 284 1441 324 eisdem
1469 283 1684 324 rationibus

301 370 439 407 parum
467 358 616 397 idoneis
646 369 741 397 usus
769 369 856 397 esse
882 360 1056 407 putetur,
1085 357 1227 407 duplex
1260 356 1344 397 fieri
1370 360 1503 408 potest
1528 357 1682 398 conclu-

303 432 374 478 sio,
389 431 526 477 altera,
541 443 681 481 poema
694 431 863 470 nondum
878 431 1117 471 elaboratum
1137 434 1178 470 et
1196 431 1291 470 satis
1305 432 1479 481 politum,
1499 434 1684 481 tanquam

303 503 577 554 imperfectum
605 515 716 553 opus,
746 504 795 543 ab
815 507 975 543 auctore
996 503 1173 543 relictum
1201 514 1298 551 esse,
1326 504 1461 552 altera,
1490 504 1684 543 nonnullis

302 577 403 617 locis
432 576 493 615 vel
535 576 785 626 probabilior,
830 580 984 626 poetam
1025 576 1202 626 magistri
1243 576 1457 616 doctrinam
1492 575 1683 616 nonnullis

302 649 397 689 locis
434 660 511 688 non
547 647 644 689 satis
673 647 921 689 intellexisse.
976 648 1009 687 E
1039 648 1283 689 conclusione
1311 649 1389 698 illa,
1418 660 1540 700 quam
1559 649 1683 700 primo

301 722 388 762 loco
415 722 717 770 nominavimus,
754 723 831 761 iam
859 722 1038 772 sequitur
1064 722 1187 770 aliud,
1225 722 1408 763 videlicet
1442 727 1487 770 ut
1513 722 1684 763 Lucretii

301 807 440 845 poema
467 796 655 846 optimum
674 796 726 834 sit
739 795 1016 843 adiumentum,
1046 807 1122 845 quo
1136 795 1322 845 Diogenis
1337 796 1485 835 Laertii
1512 796 1682 836 decimus

302 869 421 917 liber,
450 869 560 909 cuius
588 871 739 917 textus,
769 868 873 918 quod
901 879 1012 907 nemo
1039 868 1213 918 ignorat,
1252 869 1567 918 corruptissimus
1594 870 1684 908 inde

220 963 223 966 <
302 940 547 981 difficillimus
566 941 628 980 vel
647 941 780 980 multis
798 940 894 981 locis
914 941 1067 988 omnino
1085 942 1256 981 incertus
1275 941 1429 991 legitur,
1458 942 1684 982 emendetur

302 1017 344 1054 et
369 1015 613 1055 restituatur.

409 1162 549 1212 Itaque
589 1162 798 1202 Lucretius
839 1163 957 1201 miser
997 1162 1262 1212 philosophus,
1308 1162 1516 1202 concinnus
1556 1165 1684 1212 poeta,

302 1235 461 1285 elegans
488 1235 649 1285 Epicuri
676 1234 882 1286 interpres,
911 1235 1079 1285 optimus
1107 1235 1262 1285 linguae
1290 1234 1477 1275 formator
1503 1236 1587 1275 iure
1614 1235 1683 1275 ha-

301 1308 469 1349 bebitur.
