1968 2859
315 100 369 142 28
387 131 389 133 .

423 207 629 255 Quociroa'
650 207 883 248 conferenda
920 212 1011 249 sunt
1034 210 1196 259 ‚Epicuri
1234 210 1296 259 (D.
1326 210 1369 248 L.
1397 210 1445 258 X,
1474 210 1543 259 55)
1572 210 1702 252 dictaz.

319 279 546 337 ἁλλὰ-,μῆν’
568 270 663 321 οὐδὲ
700 276 764 322 δεῖ
801 282 977 334 νομίζειν
997 266 1092 323 ’πᾶν
1125 284 1297 334 μέγεθος
1330 283 1370 323 ἐν
1407 289 1496 330 ταῖς
1531 270 1706 335 ἀτόμοις

319 351 526 408 ὑπάρχειν,
577 355 642 395 ὶνά
683 355 737 407 μή
775 356 825 396 τὰ
859 353 1081 411 φαινόμενα
1125 355 1405 412 ἀντιμαρτυρῇ·
1441 357 1700 412 παραλλαγὰς

319 428 362 468 δέ
396 444 508 476 τινας
534 430 717 481 μεγὲϋων
752 431 957 481 νομιστέον
994 428 1111 471 εἶναι.
1155 431 1312 482 βέλτιον
1348 432 1423 486 γὰρ
1457 433 1523 472 καὶ
1555 429 1697 473 τούτου

317 498 536 554 πρόσοντος
575 502 620 557 τὸ
661 503 761 542 κατὰ
803 504 852 543 τὰ
893 502 1011 555 πάθη
1049 506 1114 543 καὶ
1154 504 1226 550 τὰς
1261 502 1476 556 αἰσθήσεις
1511 503 1698 557 γινόμενα

318 572 634 626 ἀποδοθήσεται·
663 581 744 616 πᾶν
773 577 815 616 δὲ
842 578 1014 629 μέγεθος
1047 574 1242 631 ὑπάρχειν
1271 576 1362 618 οὔτε
1389 575 1585 631 χρήσιμόν
1612 578 1696 619 ἐστι

317 648 420 701 πρὸς
452 649 524 696 τὰς
551 654 631 689 τῶν
664 647 888 701 ποιοτήτων
922 647 1133 705 διαφοράς·
1169 650 1346 706 ἀφῖχθαι
1382 667 1425 691 τε
1461 652 1596 700 μέλλει
1630 654 1697 693 καὶ

316 721 419 775 πρὸς
447 721 551 774 ἡμᾶς
583 721 705 775 ὁρατή
728 722 903 774 ἄτομος·
956 723 977 765 ὁ
1008 730 1055 765 οῦ
1083 730 1299 779 θεωρεῖται
1335 722 1554 777 γινόμενον,
1607 723 1698 766 οὔθ’

317 794 429 842 ὅπως
467 795 515 836 ἂν
547 798 699 848 γένοιτο
737 797 858 852 ὁρατή
904 796 1051 849 ἄτομος
1086 798 1193 839 ἐστιν
1236 798 1459 849 ἐπινοῆσαι.
1521 799 1695 837 Hisad-

318 869 454 919 iungas
483 870 573 908 ibid.
603 870 653 910 58
688 874 728 909 et
754 872 804 910 59
834 872 952 919 dicta,
983 871 1047 910 ubi
1076 883 1096 910 e
1125 871 1353 911 lectionibus
1393 872 1579 911 contortis
1607 883 1695 911 sen-

317 944 527 993 tentiisque
561 944 649 983 inde
685 945 859 984 obscuris
891 957 1024 984 verum
1064 957 1200 984 eruere
1247 956 1401 984 sensum
1434 945 1693 985 difficillimum

318 1020 399 1064 est3
437 1017 533 1057 haec
567 1018 668 1066 sola,
716 1031 814 1069 quae
851 1031 943 1059 sane
977 1031 1062 1059 cum
1097 1019 1269 1059 Lucretii
1305 1019 1508 1058 sententiis
1542 1019 1695 1069 conspi-

320 1093 426 1138 rant,
465 1094 509 1129 ut
536 1092 632 1130 satis
661 1092 767 1130 clara
800 1093 972 1131 exhiberi
1000 1096 1183 1141 possunt:
1214 1093 1394 1130 Minimae
1423 1093 1558 1139 atomi,
1597 1104 1696 1141 quae

317 1166 445 1205 mente
474 1163 700 1218 (αἰσθήσει)
728 1169 878 1205 tantum
908 1167 1210 1206 considerandae
1239 1170 1347 1214 sunt,
1384 1178 1470 1207 cum
1505 1167 1696 1206 concretis

317 1229 433 1276 rebus
463 1239 523 1287 (τό
550 1239 622 1285 τὰς
649 1236 892 1289 μεταβάσεις
919 1238 1044 1291 ἔχον),
1082 1251 1152 1288 per
1187 1240 1510 1288 comparationem
1549 1240 1697 1288 aliquid

316 1312 459 1351 habent
487 1325 699 1361 commune,
729 1313 877 1353 scilicet
906 1314 1164 1353 extentionem
1192 1313 1465 1363 ambitumque,
1495 1325 1570 1363 quo
1599 1313 1697 1353 aliae

315 1374 481 1425 maiores
510 1387 608 1426 aliae
636 1387 804 1426 minores
833 1388 1022 1435 evadunt,
1060 1390 1102 1426 at
1135 1387 1312 1436 partibus
1347 1387 1448 1426 omni
1482 1387 1595 1429 modo
1631 1398 1695 1426 ca-

316 1464 403 1499 rent
421 1459 638 1514 (διάληψιν
656 1467 788 1516 μερῶν
807 1461 878 1502 οὐκ
898 1460 1018 1512 ἔχον),
1048 1473 1169 1511 quare
1189 1461 1237 1500 ab
1267 1461 1454 1509 omnibus,
1485 1472 1583 1511 quae
1609 1472 1696 1500 sen-

316 1534 423 1576 sibus
451 1535 706 1583 percipimus,
744 1536 938 1584 parvitate
967 1535 1080 1583 longe
1109 1534 1312 1581 differunt3
1348 1534 1594 1573 nihilominus
1627 1546 1696 1573 au-

317 1611 410 1655 tem,
454 1620 687 1658 quamquam
730 1608 851 1647 omnis
893 1620 1063 1658 „magna
1098 1608 1323 1657 magnitudo
1368 1608 1594 1656 reiicienda,
1638 1611 1698 1647 est

316 1681 429 1719 valde
463 1693 584 1730 parva
611 1682 658 1719 iis
687 1682 960 1720 attribuenda“
992 1679 1331 1735 (κατηγορήσαμεν
1358 1682 1529 1733 μέγεθος
1555 1678 1698 1735 μικρόν

315 1770 357 1794 τε
376 1751 516 1805 μόνον,
545 1756 696 1810 μακρὸν
724 1753 1010 1806 ἐκβάλλοντες.)
1041 1755 1178 1803 ΠΜῙΘ,4
1195 1754 1697 1805 ᾳυειθῑΡΞθΠᾰοΡΙΠῒᾶΓῦΙΙιιε

318 1828 365 1867 de
393 1828 614 1877 placsphil.
644 1829 674 1876 I,
703 1829 727 1867 3
756 1828 889 1867 affert:
924 1830 989 1869 καὶ
1022 1831 1176 1883 εἴρηται
1216 1827 1362 1879 ἄτομος
1391 1827 1463 1878 οὐχ
1501 1826 1562 1867 ὅτι
1591 1827 1697 1868 ἐστὶν

316 1902 522 1953 ἐλαχίστη,
565 1902 650 1942 ἀλλ’
676 1902 737 1942 ὅτι
768 1901 816 1942 οὔ
841 1901 1006 1943 δύναται
1042 1908 1259 1953 τμηθῆναι,
1302 1900 1469 1953 ἀπαθής
1503 1897 1604 1941 οὖσα
1631 1902 1697 1941 καὶ

316 1974 510 2025 ἀμέτοχος
547 1980 619 2015 τοῦ
654 1978 812 2023 κενοῦ,“
847 1976 902 2014 ita
937 1976 1164 2024 explicanda
1201 1978 1311 2022 sunt,
1354 1978 1397 2013 ut
1433 1974 1697 2023 superioribus

316 2050 475 2097 Epicuri
504 2050 706 2087 sententiis
736 2050 991 2088 consentiant.

368 2122 453 2162 Hoc
482 2123 566 2163 loco
595 2123 773 2162 citandus
811 2125 872 2161 est
890 2121 1135 2170 Mullachius‚
1166 2122 1230 2171 qui
1250 2133 1338 2171 pag.
1359 2121 1434 2160 379
1455 2132 1501 2159 ex
1521 2120 1697 2170 „Papen-

317 2197 455 2236 cordtii
484 2197 531 2234 de
560 2197 810 2235 atomicorum
841 2196 1016 2234 doctrina
1039 2195 1273 2244 specimine“
1304 2195 1451 2243 (Berol.
1483 2193 1600 2242 1832)
1629 2194 1697 2232 ad-

317 2269 554 2309 notationem
597 2269 779 2318 repetivit
819 2268 936 2308 hanc:
983 2268 1120 2316 „Quod
1157 2267 1347 2306 Eusebius
1385 2267 1427 2304 P.
1463 2266 1509 2304 E.
1546 2278 1584 2315 p.
1623 2266 1698 2305 773

317 2344 442 2382 dicitz·
464 2342 510 2394 „o‘
526 2344 570 2382 δε
589 2341 842 2393 Δημόκριτος
856 2342 1041 2393 μεγίστας
1061 2338 1163 2381 εἶναι
1184 2356 1295 2387 τινας
1308 2338 1481 2390 ἀτόμους
1502 2337 1699 2390 ὑπέλαβεν

320 2416 614 2470 „difficultatem
641 2428 796 2456 movere
817 2403 892 2455 non
911 2419 1060 2466 potest,
1095 2427 1180 2455 cum
1208 2414 1280 2454 hoc
1308 2414 1360 2453 sit
1378 2412 1537 2463 Epicuri
1565 2413 1698 2452 decre-

321 2495 427 2542 „tum
457 2497 496 2530 et
522 2491 735 2530 Democriti
773 2502 922 2538 nomen,
961 2490 1010 2528 ad
1039 2501 1151 2539 quem
1180 2490 1312 2539 priora
1338 2488 1545 2538 pertinent,
1574 2487 1699 2526 alieno

320 2565 428 2619 „loco
465 2565 515 2604 sit
551 2565 759 2613 insertum3
792 2563 898 2604 Stob.
935 2563 1004 2603 ecl.
1039 2562 1150 2613 phys.
1178 2574 1267 2612 pag.
1297 2562 1373 2601 348
1401 2561 1449 2601 de
1476 2560 1698 2603 Democrito
1734 2558 1737 2562 ’
