1968 2859
348 135 400 174 36

559 241 804 286 „incertisque
827 242 900 278 loci
925 242 1052 288 spatiis
1076 243 1258 278 decellere
1282 243 1439 288 paulum,

557 301 720 343 „tantum
745 300 843 344 quod
867 310 1008 335 momen
1031 300 1351 335 mutatumrdicere
1375 300 1512 345 possis3

558 355 682 400 „quod
706 356 776 391 nisi
801 356 985 392 declinare
1011 357 1181 402 solerent,
1207 357 1327 393 omnia
1352 357 1519 393 deorsum

557 412 706 458 „imbris
730 413 782 448 uti
807 416 931 458 guttae
957 414 1129 449 caderent
1152 425 1218 459 per
1239 414 1347 449 inane
1372 414 1600 459 profundum,

558 481 648 516 „nec
672 470 768 507 foret
791 472 950 507 offensus
974 474 1081 508 natus
1104 482 1171 508 nec
1197 472 1308 518 plaga
1331 474 1454 507 creata

557 529 786 573 „principiis;
809 530 861 563 ita
885 529 937 563 nil
961 540 1119 573 unquam
1142 532 1273 564 natura
1296 528 1492 564 creasset.“

450 606 571 653 Quem
590 606 629 645 in
656 607 780 646 locum
801 607 849 646 ab
879 608 1090 647 editoribus
1110 607 1284 646 omnibus
1313 607 1361 646 ob
1384 618 1520 646 versus
1540 611 1719 656 quartum

344 679 450 718 varie
478 682 687 718 tractatum
705 680 869 729 primum
897 680 969 720 hoe
990 692 1075 720 esse
1099 681 1323 720 adnotatum
1344 680 1531 728 volumus,
1561 679 1720 719 verbum

347 753 584 803 „decellere“
615 754 851 793 Lachmanni
871 755 1130 794 coniecturam
1160 766 1256 802 esse,
1287 755 1390 803 quod
1410 766 1598 803 nusquam
1617 754 1720 802 apud

343 829 497 865 veteres
524 826 730 865 invenitur.
776 827 998 866 Lectionem
1025 839 1118 866 vero
1137 827 1333 876 vulgatam
1365 838 1430 877 „se
1457 825 1625 876 pellere“
1655 837 1718 865 re-

343 899 451 947 iecit,
492 900 595 949 quod
622 901 706 939 voci
737 901 910 951 „spati0“
942 901 1098 950 adiungi
1126 912 1201 940 non
1228 901 1372 949 possit;
1411 905 1452 939 at
1478 900 1591 939 huius
1618 900 1717 938 iudi·

343 972 390 1011 cii
418 976 646 1021 argumenta
672 973 954 1012 desiderantur.
1009 974 1090 1012 Iam
1117 973 1344 1020 Lambinus,
1383 977 1426 1011 ut
1456 984 1521 1024 „se
1548 973 1715 1022 pellere“

343 1044 586 1093 defenderet,
625 1046 848 1085 Ciceronem
877 1047 925 1084 de
953 1050 1032 1085 nat.
1061 1047 1166 1085 deor.
1195 1047 1225 1094 Ι,
1255 1046 1275 1095 g
1305 1047 1380 1085 110
1417 1046 1560 1085 eisdem
1589 1046 1717 1085 verbis

342 1122 514 1157 utentem
544 1119 742 1166 attulerat,
772 1125 812 1158 et
839 1131 881 1158 re
909 1131 1002 1158 vera
1028 1119 1089 1159 hic
1117 1120 1223 1159 locus
1244 1120 1403 1158 eandem
1432 1132 1513 1158 rem
1541 1123 1718 1169 spectare

342 1191 515 1230 videtur:
547 1191 704 1243 „Omnis
733 1201 860 1231 tamen
889 1193 966 1231 ista
984 1204 1114 1231 rerum
1143 1192 1286 1241 effigies
1315 1204 1361 1231 ex
1388 1193 1593 1232 individuis
1622 1204 1718 1242 quo-

345 1265 481 1316 „modo
515 1265 742 1315 corporibus
770 1266 922 1306 oritur?
951 1277 1049 1316 quae
1086 1266 1202 1306 etiam
1237 1266 1269 1305 si
1306 1269 1451 1314 essent,
1488 1277 1586 1316 quae
1614 1266 1719 1305 nulla

342 1342 476 1389 „sunt‚
514 1338 659 1388 pellere
697 1350 739 1378 se
773 1340 858 1389 ipsa
894 1343 934 1378 et
969 1340 1108 1389 agitari
1136 1340 1237 1378 inter
1266 1351 1306 1379 se
1335 1351 1524 1379 concursu
1551 1338 1718 1379 fortasse.

341 1415 544 1461 „possent;
574 1411 752 1460 formare,
786 1412 967 1461 figurare,
997 1413 1198 1461 collocare,
1227 1413 1397 1452 animare
1425 1424 1500 1451 non
1518 1413 1713 1462 possent.“

307 1515 309 1518 Α
338 1484 566 1524 Conditione
593 1485 694 1524 hunc
723 1486 770 1524 de
799 1488 1013 1524 atomorum
1048 1486 1248 1525 clinamine
1276 1497 1392 1535 agere
1420 1486 1545 1525 locum
1576 1487 1715 1535 posita,

337 1560 549 1598 concedere
590 1560 674 1598 vult
710 1559 866 1606 Cicero,
909 1570 1008 1608 quae
1048 1559 1145 1598 alias
1187 1560 1349 1598 maxime
1391 1559 1554 1606 refutat;
1594 1559 1716 1609 (nulla

336 1632 436 1671 enim
473 1632 633 1682 Epicuri
671 1632 864 1672 sententia
892 1632 1155 1671 vehementius
1184 1643 1299 1682 quam
1327 1632 1394 1671 illa
1430 1632 1477 1671 de
1514 1632 1715 1671 clinamine

334 1709 551 1744 atomorum
579 1706 803 1754 offenditur,
841 1706 887 1745 cf.
917 1707 1022 1745 locos
1050 1706 1150 1745 infra
1178 1707 1427 1755 exscriptos);
1469 1706 1568 1746 hanc
1595 1707 1715 1754 igitur

334 1778 383 1818 ob
412 1791 585 1828 causam,
623 1783 668 1819 ut
695 1779 823 1819 verbis
859 1791 925 1830 „se
954 1779 1123 1829 pellere“
1164 1779 1353 1818 clinamen
1388 1778 1615 1828 significarit
1640 1779 1713 1819 hoc

332 1852 417 1892 loco
446 1853 593 1901 Cicero,
622 1853 734 1893 facile
762 1852 845 1892 fieri
873 1852 1013 1902 potuit.
1059 1853 1112 1891 At
1139 1852 1211 1892 hac
1238 1852 1287 1892 de
1315 1864 1357 1891 re
1385 1853 1479 1902 quid
1505 1853 1712 1892 Lucretius

332 1927 510 1967 versibus
537 1927 705 1967 laudatis
734 1928 873 1967 docere
908 1927 1093 1975 voluerit,
1130 1927 1284 1966 minime
1317 1932 1378 1966 est
1411 1926 1587 1975 dubium,
1625 1938 1711 1967 cum

332 2001 406 2040 iam
435 2012 536 2040 vers.
574 2002 650 2040 243
679 2013 787 2051 seqq.
826 2002 987 2040 eandem
1022 2002 1252 2040 sententiam
1287 2001 1524 2050 repetiverit.
1559 2023 1610 2028 —
1651 2001 1711 2040 Ad

331 2075 495 2114 eundem
523 2075 648 2114 locum
676 2075 945 2115 Lachmannus
973 2075 1012 2113 in
1040 2075 1313 2114 commentario
1341 2075 1552 2123 adnotant,
1591 2086 1709 2126 „pon-

330 2149 488 2189 deribus
516 2149 707 2199 propriis“
758 2149 851 2188 nihil
886 2149 991 2188 aliud
1026 2148 1241 2199 significare
1279 2160 1392 2198 quam
1428 2148 1728 2198 aequilibrium.⁹

332 2225 384 2262 At
411 2224 514 2272 mihi,
544 2224 616 2264 hoc
645 2235 762 2263 sensu
791 2223 984 2271 subiecto,
1014 2223 1106 2273 quid
1134 2227 1250 2273 poeta
1278 2222 1350 2261 sibi
1379 2222 1555 2271 voluerit,
1583 2224 1709 2262 minus

327 2299 576 2348 perspicuum
605 2310 690 2338 esse
719 2298 891 2346 videtur,
930 2298 996 2347 qui
1030 2298 1111 2337 sine
1148 2297 1264 2337 dubio
1300 2298 1503 2345 docturus,
1541 2309 1618 2347 qua
1644 2309 1707 2336 ra-

326 2372 431 2411 tione
459 2372 674 2411 clinaminis
704 2383 777 2421 ope
804 2371 922 2410 atomi
950 2382 1014 2410 res
1043 2375 1243 2411 concretas
1271 2372 1451 2421 gignant,
1493 2371 1602 2420 prius
1639 2371 1706 2410 cli-

325 2445 487 2484 naminis
539 2446 660 2495 ipsius
702 2444 817 2484 finem
866 2446 1023 2494 exponit
1068 2449 1186 2495 atque
1223 2445 1390 2484 modum.
1472 2444 1537 2484 Fit
1577 2448 1706 2484 autem

323 2520 419 2558 illud
449 2519 708 2569 „ponderibus
736 2519 942 2568 propriis“‚
980 2520 1018 2557 id
1048 2523 1108 2558 est
1137 2520 1241 2558 nulla
1268 2519 1345 2557 alia
1372 2530 1489 2557 causa
1516 2517 1705 2557 efficiente

322 2593 396 2633 nisi
423 2593 582 2643 propria
616 2596 832 2632 atomorum
868 2593 1072 2643 gravitate.
1128 2592 1240 2641 Quod
1276 2591 1471 2632 affirmans
1499 2592 1704 2632 Lucretius
