1968 2859
236 226 408 276 pendens
434 228 688 278 intelligatur.
743 228 802 267 Ne
837 228 924 278 quis
951 231 1081 268 autem
1117 239 1212 268 voce
1243 226 1474 279 „divinitus“
1499 228 1615 267 indn-

236 305 324 342 ctus
352 303 496 351 credat,
522 302 595 342 hoc
623 305 774 342 tantum
804 302 1044 354 „deorum
1072 314 1223 352 opere
1258 302 1351 341 nihil
1386 312 1556 352 unquam
1593 313 1615 340 e

235 375 354 416 nihilo
367 374 474 415 fieri“
504 375 713 416 indicatum
739 387 825 416 esse
853 376 913 415 his
941 376 1082 425 verbis,
1111 376 1207 415 satis
1227 377 1314 424 erit,
1342 375 1505 425 primo&
1528 375 1613 425 qui-

236 450 308 489 bus
334 450 565 499 principium
591 450 791 499 probatur,
820 462 957 490 versus
986 451 1127 490 citasse

250 534 279 579 Ι,
305 535 394 571 159:
443 535 558 579 „Nam
583 535 614 570 si
638 535 684 570 de
708 535 782 570 nilo
805 534 942 580 fierent,
968 545 1013 570 ex
1037 534 1204 580 omnibu’,
1229 535 1339 570 rebus

444 602 572 637 „omne
596 603 712 637 genus
736 592 837 628 nasei
860 595 997 638 posset,
1021 592 1073 628 nil
1098 592 1233 628 semine
1259 590 1420 637 egeret.“

237 668 382 723 Contra
415 669 512 709 hanc
547 674 686 718 poetae
720 670 909 709 rationem
946 669 1136 718 probandi
1174 669 1365 718 profecto,
1402 669 1464 707 vel
1497 669 1613 707 etiam

235 742 454 782 conditione
483 754 560 792 qua
587 743 713 782 omnia
741 743 919 782 nituntur
945 743 1085 792 posita,
1128 742 1263 791 multa,
1300 743 1333 782 si
1360 742 1468 781 locus
1496 744 1611 789 esset,

236 815 312 855 dici
338 819 509 865 possent.
562 817 661 855 Nam
688 817 864 856 versibus
891 817 1004 855 modo
1033 817 1160 856 citatis
1186 817 1271 855 iure
1291 816 1480 863 obiicitur,
1506 816 1613 854 aliud

237 886 371 939 utique
404 901 509 938 esse,
548 902 569 929 e
596 890 731 938 rebus,
769 902 868 940 quae
896 891 973 929 iam
1001 891 1095 938 sint,
1131 890 1226 929 alias
1255 890 1408 929 omnino
1440 889 1613 929 diversas

235 962 568 1011 producisaliud,
606 975 654 1002 ex
680 963 799 1002 nihilo
827 963 972 1013 aliquid
1001 964 1123 1012 gigni,
1152 963 1256 1012 quod
1289 963 1456 1002 nondum
1483 948 1612 1011 fuerit,

237 1047 329 1086 ergo
363 1036 485 1075 multo
519 1037 665 1075 rectius
711 1037 991 1085 expectandum
1027 1036 1147 1075 fuisse
1190 1039 1458 1085 argumentum
1499 1035 1612 1074 huius

236 1109 359 1148 modi:
389 1110 422 1148 si
450 1110 543 1158 quid
570 1110 618 1148 de
645 1110 764 1148 nihilo
791 1109 921 1157 fieret,
957 1110 1102 1149 omnia
1111 1110 1159 1148 de
1186 1109 1303 1148 nihilo
1330 1108 1415 1153 fieri
1438 1113 1611 1186 possent,

237 1175 466 1232 praesertim
494 1194 581 1223 cum
608 1185 725 1233 poeta
750 1184 834 1233 ipse
860 1194 960 1223 vers.
991 1183 1067 1222 172
1095 1182 1299 1232 adiungat:

447 1270 580 1313 „atque
606 1267 675 1302 hae
693 1278 731 1302 re
755 1270 941 1312 nequeunt
966 1278 1011 1302 ex
1034 1267 1199 1301 omnibus
1225 1267 1344 1301 omnia
1367 1267 1480 1311 gigni,

448 1324 571 1370 „quod
595 1325 702 1360 certis
726 1325 763 1359 in
787 1325 897 1360 rebus
921 1324 1017 1360 inest
1040 1326 1181 1359 secreta
1204 1322 1394 1359 facultas.“

240 1402 288 1443 cf.
307 1403 415 1442 Lact.
445 1403 493 1442 de
520 1402 579 1441 ira
606 1402 667 1441 dei
687 1402 735 1451 X,
764 1403 830 1452 qui
858 1402 1034 1441 versibus
1052 1402 1083 1450 Ι,
1105 1402 1311 1442 159—160
1339 1405 1379 1441 et
1405 1402 1611 1442 205—207

238 1476 426 1524 oppositis
469 1476 674 1515 exclamat:
720 1476 837 1526 „Quis
880 1476 982 1514 hunc
1019 1475 1200 1521 habuisse
1241 1479 1355 1524 putat
1400 1475 1611 1522 cerebrum,

239 1560 325 1589 cum
358 1548 453 1588 haec
487 1549 634 1588 diceret
669 1561 738 1588 nec
772 1549 942 1596 videret,
980 1548 1053 1587 sibi
1094 1560 1185 1588 >esse
1222 1547 1468 1588 contraria?“
1536 1540 1612 1587 Sed

237 1622 442 1662 Lucretius
477 1622 708 1670 principium
744 1622 904 1670 eiusque
940 1622 1128 1670 probandi
1171 1622 1359 1660 rationem
1399 1610 1638 1670 proferens,>

238 1694 288 1733 ad
316 1694 488 1742 verbum,
518 1697 561 1733 ut
589 1706 637 1733 ex
662 1694 822 1743 Epicuri
850 1694 900 1732 ad
917 1694 1158 1733 Herodotum
1187 1694 1351 1743 epistola
1377 1694 1481 1743 apud
1498 1694 1610 1744 Diog.

237 1767 282 1807 L.
311 1767 359 1816 X,
386 1768 436 1807 38
466 1766 646 1817 apparet,
683 1767 859 1816 magistri
891 1767 1139 1815 sententiam,
1177 1767 1271 1806 nihil
1298 1768 1381 1806 eius
1408 1767 1611 1807 veritatem

240 1851 379 1881 curans
406 1841 688 1890 interpretatus
716 1843 794 1879 est:
832 1846 1013 1894 ᾖπρῶτον
1039 1842 1128 1892 μέν,
1158 1840 1219 1881 ὅτι
1253 1839 1367 1881 οὐδὲν
1393 1841 1540 1893 γίνεται
1568 1840 1612 1880 ἐκ

237 1920 308 1955 τοῦ
333 1915 388 1966 μὴ
417 1914 547 1963 ὄντος,
581 1920 662 1956 πᾶν
688 1915 765 1969 γὰρ
792 1914 835 1954 ἐκ
863 1915 1010 1962 παντὸς
1036 1913 1173 1966 ἐγίνετ’
1201 1913 1267 1962 ἄν,
1305 1913 1541 1969 σπερμάτων
1567 1930 1610 1966 γε

173 2006 176 2008 “
237 1987 352 2028 οὐδὲν
377 1986 703 2042 φιτροςδεόμενονέζ

342 2061 469 2102 Primo
506 2061 594 2100 huic
629 2061 818 2109 principio
854 2061 1019 2099 alterum
1056 2061 1338 2100 inde‘ductum
1375 2043 1609 2110 adiungitur,

237 2135 343 2183 nihil,
373 2135 475 2185 quod
495 2134 612 2174 semel
634 2137 771 2183 exstet,
792 2146 960 2185 unquam
980 2134 1171 2184 exstingui
1190 2139 1318 2184 posse‚'
1347 2134 1449 2185 quod
1468 2134 1611 2185 legitur

252 2230 281 2276 Ι,
307 2230 396 2266 215;
446 2230 550 2275 „Huc
574 2229 725 2274 aceedit,
750 2229 802 2264 uti
827 2229 983 2274 quicque
1008 2229 1045 2263 in
1071 2239 1137 2264 sua
1161 2240 1315 2274 corpora
1338 2239 1478 2265 rursum

446 2288 647 2333 „dissoluat
670 2290 800 2323 natura
823 2298 942 2333 neque
967 2287 1015 2323 ad
1038 2288 1354 2339 nilumvinterimat
1377 2298 1453 2334 res3

446 2356 552 2391 „nam
577 2345 607 2380 si
633 2345 721 2391 quid
744 2345 895 2381 mortale
921 2346 1105 2387 elcunctis
1128 2346 1295 2391 partibus
1318 2349 1427 2392 esset,

446 2414 515 2449 „ex
539 2403 654 2439 oeulis
678 2413 737 2439 res
763 2413 929 2449 quaeque
954 2396 1102 2449 repente
1128 2406 1253 2450 erepta
1276 2401 1455 2450 periret3“

237 2504 340 2554 quod
376 2504 516 2542 iterum
551 2503 711 2552 Epicuri
747 2502 874 2542 verbis
908 2500 1022 2552 plane
1058 2503 1268 2552 respondet
1303 2503 1350 2542 D.
1379 2502 1423 2542 L
1452 2502 1499 2551 X,
1534 2504 1605 2543 39:

238 2579 329 2630 „acal
364 2576 401 2618 εἰ
425 2576 647 2632 ’ἐφθείρετο
684 2576 728 2617 δὲ
753 2576 798 2618 τὸ
826 2573 1117 2632 ἀφανιζόμενον
1149 2576 1208 2624 εἰς
1242 2577 1287 2619 τὰ
1314 2576 1368 2629 μὴ
1398 2570 1459 2626 ὄν,
1475 2574 1608 2619 πάντ’
