1968 2859
317 94 370 149 α)

318 207 476 250 uberius
504 207 722 251 Democriti·
744 208 816 253 heo
843 209 891 249 de
918 220 961 251 re
988 209 1201 253 sententias
1230 219 1462 260 cognoscere
1489 211 1617 257 avent,
1645 207 1696 251 od

318 282 518 325 Mullachii
546 294 643 332 opus
670 295 750 333 pag
776 285 855 325 380
882 295 991 333 seqq.
1019 288 1060 323 et
1086 284 1135 324 ad
1162 283 1355 325 Brundisii
1381 283 1581 323 historiam
1607 282 1694 331 phi-

317 354 517 405 losophiae
545 354 747 406 delegatos
775 367 862 396 esse
890 355 987 395 volo.

346 670 414 709 DE
444 669 772 719 RATIONIBUS,
800 670 991 719 QUIBUS
1019 670 1117 711 RES
1146 670 1354 711 MAXIME
1382 671 1575 711 VARIAE
1602 671 1669 714 ET

661 733 1010 774 MULTIPLICES
1039 733 1378 772 GIGNANTUR.·

424 837 577 885 Atomi,
607 848 828 887 quanquam
856 838 1008 876 nonnisi
1035 837 1316 887 magnitudine,
1344 838 1534 887 pondere,
1562 836 1696 887 figuris

317 910 421 949 inter
447 921 490 949 se
518 909 720 958 differunt,
750 913 922 950 ceterum
949 914 1078 950 autem
1107 910 1278 950 eiusdem
1306 913 1468 950 naturae
1496 914 1606 959 sunt,
1636 913 1695 950 ta-

317 994 404 1023 men
447 986 594 1023 tantam
629 995 760 1023 rerum
794 984 1042 1032 varietatem,
1081 987 1263 1034 quantam
1300 984 1491 1032 videmus,
1528 984 1698 1024 efficiunt

318 1056 467 1095 duabus
495 1068 544 1095 ex
571 1057 711 1104 causis,
740 1068 904 1106 quarum
932 1057 1056 1095 altera
1082 1057 1122 1095 in
1148 1057 1234 1106 ipsa
1251 1059 1465 1095 atomorum
1481 1055 1697 1097 differentia

317 1130 526 1180 praecipue
553 1129 921 1180 figurarum—posita
948 1132 1021 1178 est,
1049 1133 1094 1169 ut
1120 1130 1291 1170 indicant
1316 1140 1453 1169 versus
1480 1129 1545 1169 hi:

317 1214 364 1258 11,
391 1215 477 1250 720:
527 1225 634 1259 „nam
657 1214 772 1250 veluti
796 1215 874 1249 tota
897 1216 1026 1249 natura
1050 1214 1245 1250 dissimiles
1269 1215 1353 1249 sunt

527 1271 646 1317 „inter
669 1282 709 1309 se
735 1270 881 1317 genitae
905 1281 965 1307 res
990 1282 1172 1317 quaeque,
1194 1271 1246 1308 ita
1270 1281 1452 1317 quamque
1475 1273 1664 1308 necessest

529 1329 720 1375 „dissimili
745 1332 912 1365 constare
936 1329 1054 1374 figura
1077 1329 1346 1376 principiorum,

528 1397 624 1431 „non
649 1397 721 1432 quo
745 1387 859 1422 multa
882 1397 1009 1431 parum
1034 1386 1142 1421 simili
1165 1386 1238 1423 sint
1260 1386 1426 1431 praedita
1450 1385 1575 1432 forma,

530 1444 621 1491 „sed
647 1444 733 1489 quia
757 1455 829 1480 non
853 1444 964 1489 volgo
988 1444 1092 1490 paria
1117 1444 1282 1480 omnibus
1308 1444 1427 1481 omnia
1452 1447 1634 1490 constant3

528 1502 692 1547 „semina
716 1512 797 1537 cum
820 1512 929 1546 porro
955 1502 1101 1546 distent,
1126 1502 1273 1537 differre
1297 1504 1486 1538 necessust

530 1558 760 1605 „intervalls,
784 1559 875 1605 vias,
899 1569 1096 1605 connexus,
1120 1558 1294 1605 pondera,
1318 1559 1458 1606 plagas,

529 1627 768 1662 „concursus,
793 1620 927 1663 motus3
954 1628 1048 1662 quae
1072 1628 1145 1652 non
1169 1617 1340 1652 animalia
1363 1618 1478 1652 solum

528 1684 708 1720 „corpora
732 1674 940 1719 seiungunt,
964 1674 1031 1710 sed
1055 1677 1173 1710 terras
1197 1684 1240 1709 ao
1264 1684 1362 1710 mare
1386 1676 1502 1711 totum

528 1734 746 1778 „secernunt
769 1732 982 1778 coelumque
1009 1744 1031 1769 a
1054 1731 1161 1770 terris
1187 1742 1290 1770 omne
1314 1729 1533 1772 retentant&

423 1820 559 1859 Altera
585 1831 679 1859 vero
708 1831 827 1861 cansa
853 1831 929 1858 non
955 1820 1081 1859 minus
1101 1820 1230 1859 valida
1247 1819 1324 1859 sita
1342 1823 1404 1860 est
1425 1820 1464 1859 in
1479 1823 1695 1861 atomorum

319 1893 619 1943 compositione,
652 1893 693 1932 id
721 1896 801 1941 est,
830 1904 908 1943 quo
935 1893 974 1932 in
1003 1892 1137 1933 ordine
1162 1893 1243 1934 sint
1274 1892 1376 1932 inter
1403 1903 1446 1932 se
1474 1892 1694 1935 collocatae.

316 1967 487 2007 Eaedem
515 1967 617 2007 enim
644 1966 782 2013 atomi,
821 1977 924 2016 quae,
949 1966 1117 2016 aliquam
1151 1977 1232 2006 rem
1261 1966 1428 2015 explent,
1456 1965 1531 2007 alio
1560 1965 1695 2006 ordine

317 2041 547 2090 dispositae,
589 2040 702 2080 aliam
743 2052 767 2079 a
806 2040 936 2089 priore
978 2051 1137 2088 prorsus
1178 2040 1369 2080 diversam
1396 2051 1479 2080 rem
1515 2039 1694 2081 reddunt.

318 2113 416 2153 Tum
444 2123 610 2163 quoque,
639 2111 833 2160 nonnullis
860 2111 999 2153 atomis
1028 2112 1088 2152 vel
1121 2111 1283 2153 abiectis
1311 2111 1372 2151 vel
1400 2111 1562 2155 adiectis
1596 2121 1695 2153 nova

317 2199 380 2226 res
417 2198 442 2226 a
475 2187 606 2235 priore
633 2186 797 2225 maxime
825 2186 979 2225 diverso¹
1007 2186 1189 2225 exoritur.
1245 2186 1376 2227 Facile
1409 2186 1485 2224 iam
1519 2188 1695 2234 apparet,

317 2270 433 2309 quam
459 2258 567 2298 varia
595 2258 734 2306 omnia,
762 2257 822 2298 his
849 2258 973 2297 modis
1002 2258 1227 2305 coniunctis,
1256 2257 1366 2298 reddi
1393 2257 1554 2306 possint.
1608 2257 1694 2299 ΗΜ

316 2332 479 2380 accedit,
507 2335 551 2371 ut
579 2334 793 2373 atomorum
820 2331 922 2371 inter
949 2343 992 2370 se
1020 2334 1147 2371 motus
1175 2331 1381 2380 plurimum
1398 2330 1470 2373 hac
1488 2331 1528 2371 in
1556 2343 1598 2371 re
1626 2342 1693 2370 va-

315 2406 406 2446 leat.
461 2404 690 2454 Exemplum
717 2404 818 2443 enim
845 2404 1035 2454 praebent
1061 2404 1223 2451 coloreS,
1261 2403 1327 2453 qui
1353 2404 1499 2444 eisdem
1526 2403 1693 2454 quidem,

315 2478 456 2528 quibus
475 2478 603 2518 effecti
629 2481 731 2526 sunt,
760 2478 899 2519 atomis
927 2478 1092 2518 servatis
1112 2477 1182 2517 sed
1210 2477 1344 2518 ordine
1363 2480 1511 2517 mutato
1540 2476 1692 2519 omnlno

315 2551 411 2596 varii
439 2551 605 2592 evadere
627 2553 805 2600 possunt,
833 2562 940 2591 nam:
