1968 2859
229 209 404 256 ultimos
401 220 533 255 ωηοο
566 210 714 251 nullus-
722 211 936 260 invenitur,
970 211 1040 262 qui
1067 211 1142 252 sihi
1170 211 1415 263 quaestiones
1451 212 1500 252 de
1525 210 1606 254 Lu

229 273 340 314 aretii
367 274 575 315 sententiis
597 274 822 315 scribendas
850 274 1109 325 proposuerit.
1157 274 1266 321 Sane
1294 274 1448 325 quidem
1483 274 1606 315 edito-

229 347 312 385 res,
349 337 390 377 in
416 338 554 387 primis
577 338 811 386 Lambinus,
853 337 1004 387 Faber,
1049 338 1277 387 Creechius,
1318 337 1607 387 wakefieidius‚

229 399 443 448 Beothius,
471 400 757 449 Lachmannus‚
785 401 986 441 occasione
1015 402 1118 449 data,
1147 402 1310 451 singula,
1339 404 1525 451 quantum
1549 401 1608 440 10⁶

232 474 365 503 corum
394 464 590 504 enarratio
618 467 688 504 aut
713 467 893 514 posceret
919 467 989 504 aut
1014 464 1317 513 commendaret,
1350 463 1389 504 in
1416 475 1607 505 commen·

230 526 340 565 tariis
366 526 615 576 interpretati
642 530 734 566 sunt
768 527 1009 577 multumque
1043 528 1093 566 ad
1120 528 1332 567 sententias
1359 531 1465 567 recte
1492 527 1606 567 intel-

230 588 405 639 ligendas
434 590 691 637 contulerunt.
747 585 897 639 Quibus
931 589 1088 641 adiungi
1120 592 1251 641 potest
1276 589 1505 638 Knebelius,
1541 590 1607 641 qui

228 653 393 693 maxima
420 665 504 694 cum
524 654 726 703 diligentia
751 657 793 693 et
819 655 1113 704 perseverantia
1139 649 1311 694 Lucretii
1335 665 1489 695 carmen
1516 665 1605 704 ger-

227 716 374 757 manica
401 716 680 767 interpretatus
709 719 772 756 est
798 716 944 767 lingua,
975 709 1056 767 qua
1078 717 1119 756 in
1146 728 1190 756 re
1217 717 1300 756 eius
1328 728 1415 765 cum
1442 716 1606 757 Goethio

227 780 481 829 epistolarum
499 780 771 821 commercium
789 780 953 821 multum
972 779 1131 830 profuit.
1171 780 1454 821 Desiderantur
1477 782 1607 832 autem

228 842 432 893 hucusque
451 843 716 882 commentarii
742 843 899 892 integri,
928 843 1068 893 quibus
1086 845 1170 882 tota
1181 832 1364 882 'doctrina
1374 843 1606 884 illustretur.

333 926 595 966 Reisackerus
620 927 780 976 primus,
810 930 997 976 quantum
1016 928 1108 975 scio,
1135 927 1328 967 nonnullis
1356 927 1473 966 rebus
1489 931 1607 967 antea

227 990 303 1030 iam
329 989 368 1029 in
399 990 698 1042 „Quaestionum
718 988 1041 1029 Lucretianarum
1069 988 1300 1039 specimine“
1327 989 1487 1029 Bonnae
1505 990 1604 1031 1847

227 1052 422 1101 tractatis,
459 1057 610 1102 partem
645 1053 851 1103 quandam,
890 1053 1078 1104 „Epicuri
1122 1053 1170 1092 de
1213 1053 1427 1092 animorum
1466 1056 1607 1097 natura

227 1116 442 1156 doctrinam
469 1128 493 1155 a
520 1116 702 1156 Lucretio
729 1083 923 1165 discipulno
953 1118 1159 1155 tractatam
1188 1115 1389 1165 exposuit“
1412 1116 1493 1160 Col.
1512 1116 1606 1168 Agr.

229 1179 342 1227 1855,
370 1180 440 1221 48.
495 1180 548 1219 At
574 1182 726 1219 restant
752 1179 918 1229 plurima
952 1179 1248 1228 pertractanda,
1284 1190 1308 1218 e
1341 1178 1480 1229 quihus
1515 1178 1607 1221 mihi

227 1242 331 1282 illam
368 1245 520 1292 partem
558 1243 606 1282 de
641 1243 778 1282 atomis
817 1241 1095 1291 explanandam
1129 1242 1215 1291 ipse
1248 1243 1446 1291 proposui.
1500 1242 1607 1290 Quae

228 1305 382 1356 quidem
410 1317 520 1355 pars,
560 1306 680 1345 totius
706 1305 820 1347 huius
847 1304 1114 1354 philosophiae
1141 1304 1368 1355 principium
1395 1316 1444 1347 ae
1467 1304 1605 1345 funda-

227 1371 418 1417 mentum,
462 1368 612 1408 duobus
649 1368 784 1418 primis
820 1368 992 1408 Lucretii
1034 1368 1143 1407 libris
1180 1368 1477 1418 comprehensa,
1520 1379 1606 1408 eum

229 1431 430 1471 Gassendo
459 1435 621 1482 excepto
649 1432 816 1473 nondum
844 1435 1015 1473 tractata
1043 1432 1112 1480 sit,
1149 1444 1210 1471 me
1245 1431 1457 1481 periculum
1492 1431 1535 1471 in
1560 1442 1607 1472 ea

226 1493 353 1535 facere
382 1504 714 1544 supervacaneum
732 1507 810 1534 non
837 1495 1028 1535 videatur.
1072 1495 1173 1534 Sane
1193 1494 1417 1534 Gassendus
1442 1495 1606 1548 maximo

227 1568 359 1597 amore
386 1569 432 1597 ao
460 1557 591 1597 studio
618 1560 658 1597 et
684 1558 845 1607 Epicuri
871 1558 1046 1608 reliquiis
1074 1560 1116 1597 et
1140 1557 1312 1598 Lucretii
1340 1553 1469 1605 libris,
1497 1557 1605 1597 cuius

227 1621 284 1660 rei
312 1620 512 1660 luculenta
531 1621 706 1670 exempla
732 1621 771 1659 in
797 1621 881 1660 eius
909 1632 1068 1670 operum
1088 1620 1227 1670 (Lugd.
1249 1620 1361 1668 1658,
1382 1619 1464 1670 sol.)
1491 1620 1606 1661 tomis

228 1685 247 1724 I
275 1687 316 1724 et
342 1683 377 1723 V
406 1686 573 1732 exstant,
602 1683 791 1732 incubuit;
824 1687 866 1723 at
893 1684 1057 1734 quisque
1085 1683 1187 1722 illius
1215 1683 1360 1733 scripta
1385 1683 1606 1733 inspiciens,

230 1759 278 1787 ex
305 1758 456 1796 magna,
486 1758 600 1796 quam
636 1747 843 1797 congessit,
872 1758 1003 1786 rerum
1029 1747 1141 1796 copia
1167 1750 1399 1797 argumenta
1424 1747 1606 1797 expedire

228 1809 380 1849 difficile
409 1819 495 1849 esse
523 1809 689 1849 libenter
715 1809 913 1849 fatebitur,
959 1810 1169 1849 Praeterea
1196 1812 1330 1848 nostro
1358 1809 1467 1848 favet
1490 1821 1603 1849 cona

229 1873 285 1913 tui
320 1875 451 1912 textus
489 1883 537 1911 ex
571 1872 638 1912 illo
676 1876 850 1922 tempore
894 1884 919 1911 a
957 1872 1089 1912 multis
1124 1872 1248 1913 doctis
1292 1871 1385 1911 viris
1418 1872 1604 1925 imprimis

228 1934 474 1975 Lachmanno
502 1935 740 1974 emendatus.
797 1934 978 1974 Ceterum
1006 1934 1290 1973 dissertationis
1318 1935 1507 1983 angustiis
1533 1935 1604 1975 im-

226 1997 402 2047 peditus,
428 1997 721 2046 dispositionem
755 2000 905 2037 tantum
934 1997 1212 2037 sententiarum
1247 1997 1295 2036 de
1330 1997 1469 2038 atomis
1497 1997 1604 2051 ipsis,

228 2071 306 2110 qua
340 2059 419 2098 sint
454 2062 596 2105 natura
630 2063 670 2099 ct
698 2071 774 2110 qua
810 2060 960 2099 ratIone
988 2071 1035 2099 ex
1069 2060 1116 2099 iis
1145 2071 1275 2098 omnes
1309 2071 1373 2098 res
1401 2063 1604 2099 concretae

228 2123 307 2172 sint
332 2123 504 2172 genitae,
543 2134 636 2172 ergo
665 2126 708 2162 ut
735 2123 791 2163 ita
825 2123 950 2163 dicam
977 2126 1148 2173 systema
1179 2122 1347 2163 universi
1374 2134 1481 2162 mere
1506 2122 1604 2176 phy-

228 2185 350 2225 sicum
376 2185 551 2225 Lucretii
577 2185 814 2235 Epicurique
843 2186 1059 2236 expediam,
1096 2197 1217 2236 quare
1243 2185 1348 2225 hisce
1374 2186 1414 2225 in
1441 2186 1604 2239 pagellis

230 2260 277 2288 ne
304 2247 448 2289 iudicia
474 2248 523 2287 de
542 2248 780 2297 argumentis
808 2248 903 2299 ipsis
928 2249 1117 2288 exhausta
1143 2260 1240 2288 neve
1268 2249 1515 2298 quaestiones
1541 2260 1603 2288 re-

227 2311 528 2360 futationesque,
564 2322 664 2360 quae
692 2311 742 2351 ad
769 2311 984 2351 doctrinam
1020 2314 1198 2360 spectant
1233 2312 1368 2360 ipsam,
1406 2312 1605 2366 uberiores

220 2372 431 2421 ‚desideres
460 2384 540 2412 oro.
596 2373 667 2412 Cui
705 2374 806 2413 enim
833 2373 967 2414 Cicero
995 2373 1067 2413 hac
1096 2374 1143 2414 de
1171 2386 1214 2413 re
1241 2373 1323 2415 suis
1350 2374 1460 2416 libris
1488 2374 1603 2414 uber-

227 2436 322 2476 rime
357 2436 585 2485 disputans,
622 2437 725 2486 quod
761 2437 947 2476 nonnulla
978 2437 1139 2486 Epicuri
1174 2437 1355 2486 dogmata
1390 2440 1496 2480 recte
1528 2448 1604 2477 non

227 2499 471 2548 intellexerit,
500 2498 644 2549 ubique
670 2499 796 2539 iustus
824 2499 940 2540 iudex
967 2511 1044 2540 non
1071 2499 1267 2548 videatur,
1303 2499 1391 2540 huic
1418 2512 1515 2554 prae
1539 2511 1601 2541 ce-

221 2563 323 2603 ,texis
349 2562 541 2602 Lactantii
569 2574 707 2611 opera,
742 2563 950 2613 praecipue
979 2562 1027 2602 de
1053 2562 1112 2601 ira
1147 2562 1209 2601 dei
1238 2574 1320 2612 cap.
1355 2563 1392 2602 X
1420 2567 1461 2602 et
1486 2563 1600 2603 divin.
