1968 2859
313 122 374 163 24.

314 228 503 277 ultimum,
531 240 601 269 nec
629 228 799 269 citimum
827 228 962 275 esse“;
997 239 1092 278 ergo
1117 227 1341 268 Lucretium
1368 239 1393 267 a
1417 226 1596 277 magistri
1620 226 1694 267 hac

315 302 364 342 de
391 314 434 342 re
469 302 646 352 opinione
681 302 834 341 minime
868 301 1091 351 discrepare
1124 287 1381 352 colligendum
1413 303 1483 340 est.
1521 300 1693 341 Eandem

314 375 408 424 fere,
438 387 555 426 quam·
570 375 717 433 ¹Cicero
744 375 855 415 nobis
884 375 1108 424 suppeditat
1134 375 1294 425 Epicuri
1322 375 1563 423 sententiam,
1593 374 1691 414 Sim-

314 449 453 499 plicius
482 461 636 499 quoque
664 449 713 488 ad
741 449 858 488 Arist.
888 449 936 488 de
964 448 1070 488 coelo
1099 449 1153 487 IV
1186 448 1250 487 fol.
1281 449 1375 496 165,
1409 448 1434 486 b
1453 448 1586 488 affert:
1628 448 1693 496 ,,ἐν

313 527 370 574 τῷ
395 521 550 577 ἀπείρῳ
578 521 695 562 οὐδέν
722 521 830 562 ἐστιν
858 520 939 562 ἅνω
968 520 993 573 ἢ
1020 519 1127 561 κάτω
1155 518 1314 575 φύσει.“
1346 521 1405 560 De
1438 521 1601 561 materia
1632 521 1691 560 in-

314 595 424 635 finita
456 596 678 635 Democrito
706 596 908 645 placuerat
943 606 1066 645 aeque
1101 607 1145 634 ac
1181 595 1388 644 Leucippo,
1423 598 1572 634 atomos
1606 606 1691 634 esse

314 669 497 718 infinitas,
537 670 640 720 quod
668 670 787 709 Arist.
817 669 865 708 de
894 669 1001 708 coelo
1028 669 1108 717 ΙΙΙ,
1136 669 1162 707 4
1197 680 1234 718 p.
1263 669 1340 708 393
1368 651 1535 708 testatur
1562 669 1691 708 verbis

313 745 440 785 hisce:
462 745 609 799 ,,φασὶν
630 741 770 793 (Λεύκ.
791 745 856 784 καὶ
875 742 998 795 Arm.)
1019 740 1123 784 εἶναι
1142 743 1191 784 τὰ
1210 747 1350 796 πρῶτα
1367 743 1519 795 μεγέθη
1538 739 1690 795 πλήθει

313 818 385 868 μὲν
412 816 574 871 ἄπειρα.
603 817 649 856 cf.
680 817 812 866 Simpl.
841 818 879 855 in
907 816 1017 865 phys.
1046 816 1110 855 fol.
1142 817 1188 863 73
1217 817 1336 854 Arist.
1366 816 1413 854 de
1441 827 1526 865 gen.
1556 818 1596 854 et
1621 816 1689 854 int.

313 891 344 939 Ι,
380 891 423 938 8;
462 889 574 939 Diog.
604 889 648 929 L.
677 890 744 938 IX,
781 890 843 929 44.
881 889 939 928 De
967 889 1088 937 inani,
1127 889 1230 938 quod
1264 888 1312 928 ob
1341 888 1509 928 infinitas
1543 892 1691 928 atomos

314 965 533 1004 necessario
574 963 762 1003 infinitum
804 966 882 1011 est,
928 963 1002 1002 iam
1049 974 1167 1012 supra
1206 963 1418 1002 Democriti
1463 964 1689 1003 sententiam

314 1012 617 1077 consentientem
646 1036 802 1086 (Simpl,
825 1037 864 1074 in
891 1036 1001 1085 phys.
1031 1036 1094 1075 fol.
1125 1035 1212 1084 144,
1240 1035 1282 1085 b)
1310 1036 1522 1075 citavimus.

957 1360 1045 1430 IV.

604 1499 673 1538 DE
702 1498 998 1538 ATOMORUM
1026 1498 1406 1539 MAGNITUDINE.

416 1625 477 1664 Ex
503 1625 581 1673 illa,
619 1635 733 1675 quam
770 1624 818 1663 de
856 1627 1071 1663 atomorum
1108 1624 1272 1674 simplici
1309 1636 1354 1664 ac
1392 1625 1516 1664 solida
1553 1628 1692 1664 natura

310 1711 430 1749 supra
456 1699 662 1739 Lucretius
698 1699 1005 1748 praedicaverat,
1042 1699 1282 1748 proprietate
1320 1703 1483 1748 constat,
1521 1702 1690 1739 atomum

308 1772 524 1813 habendam
553 1784 638 1812 esse
667 1783 749 1811 rem
778 1775 818 1811 et
853 1772 967 1811 unius
1005 1757 1254 1823 eiusdemque
1292 1774 1479 1814 materiae
1512 1777 1552 1813 et
1588 1774 1689 1813 inse-

311 1847 472 1888 cabilem
508 1847 847 1896 indelebilemque‚
885 1850 1002 1896 atque
1037 1846 1114 1885 tale
1152 1858 1292 1895 corpus
1328 1847 1565 1887 individuum
1601 1860 1688 1898 per-

309 1931 472 1970 parvum
510 1931 595 1958 esse
633 1919 786 1959 debere.
835 1919 930 1958 Cum
968 1919 1095 1958 omnia
1131 1931 1294 1968 corpora
1332 1920 1497 1959 visibilia
1539 1931 1690 1970 semper

310 1993 429 2033 dividi
457 2004 572 2042 posse
600 1993 810 2041 videamus,
853 1993 1071 2042 philosophi
1107 1993 1266 2043 physica
1299 1994 1526 2043 indagantes
1561 1994 1689 2034 faeere.

308 2079 386 2107 non
411 2069 636 2116 potuerunt,
674 2066 766 2116 quin
795 2070 1039 2116 quaererent,
1079 2067 1164 2116 quis
1199 2079 1327 2106 rerum
1357 2067 1610 2107 secandarum
1638 2067 1690 2106 sit

308 2139 407 2188 finis,
444 2143 573 2179 utrum
602 2152 666 2179 res
694 2140 733 2178 in
760 2139 951 2179 infinitum
978 2141 1102 2180 secari
1130 2141 1281 2190 possint
1313 2152 1383 2180 nec
1419 2153 1478 2180 ne.
1525 2141 1688 2181 Atomici

307 2213 526 2263 philosophi
562 2214 665 2264 quod
699 2226 829 2253 rerum
867 2215 905 2253 in
933 2213 1121 2253 infinitum
1150 2215 1359 2254 sectionem
1387 2215 1575 2264 negarint,
1617 2215 1688 2253 mi-

307 2288 409 2327 nime
441 2288 656 2327 mirandum
695 2291 766 2335 est,
809 2299 895 2327 cum
932 2299 1064 2326 eorum
1101 2288 1277 2327 doctrina
1312 2300 1375 2327 res
1413 2292 1616 2328 concretae
1649 2288 1688 2327 in

308 2364 457 2400 atomos
486 2361 640 2411 quidem
669 2362 787 2400 dividi
816 2362 978 2410 possint,
1007 2362 1126 2401 atomi
1154 2373 1246 2400 vero
1273 2362 1393 2411 ipsae,
1425 2362 1515 2411 quia
1542 2362 1687 2401 solidae

307 2438 398 2474 sunt
425 2438 464 2474 et
492 2435 597 2474 inani
634 2439 823 2483 carentes,
859 2435 1086 2475 insecabiles
1124 2439 1283 2475 restent.
1326 2437 1454 2484 Quare
1483 2436 1687 2476 Lucretius

307 2520 462 2559 quoque
490 2508 789 2558 frangendarum
826 2521 955 2548 rerum
990 2513 1138 2549 certum
1175 2522 1251 2549 non
1289 2521 1375 2549 esse
1411 2509 1526 2550 finem
1558 2513 1686 2559 negat,

305 2574 581 2632 argumentans
605 2582 662 2622 ita
688 2582 873 2633 primum:
