1968 2859
225 221 228 222 ’
306 220 353 266 11,
379 222 465 258 700:
513 221 616 267 „Nec
639 223 761 258 mn
782 222 997 260 omnimoffis
1021 223 1189 260 annecti
1212 233 1325 269 posse
1345 221 1542 270 putandum

515 278 670 324 „omnia,
692 286 776 314 nam
800 280 913 325 vulg-o
934 279 1013 315 fieri
1035 283 1206 340 portenta
1227 281 1384 326 videres,

514 400 693 438 „quorum
715 394 767 429 nil
790 393 869 430 fieri
892 395 1120 431 manifestum
1144 398 1212 441 est,
1237 396 1356 432 omnia
1380 396 1526 442 quando

514 450 738 496 „seminibus
761 451 871 487 certis
894 454 995 487 cem
1018 452 1193 498 genitrice
1218 455 1340 492 ereata

513 519 756 554 „conservate
780 517 900 555 genus
920 510 1122 546 crescentia
1142 518 1252 556 posse
1275 510 1452 557 videmus,

513 565 680 610 „scilieet
700 565 740 600 id
763 568 862 602 certa
886 566 965 602 fleri
987 568 1140 613 ratione,
1162 576 1315 603 necesse
1338 566 1429 603 est.“

404 657 554 697 Deinde
582 658 696 699 docet
721 659 772 708 H,
802 661 879 700 710
906 671 1015 711 seqq.
1052 672 1217 712 corpora
1251 661 1303 701 ali
1339 661 1551 710 augerique
1590 664 1675 699 tan-

301 733 384 770 tum
411 731 458 770 iis
485 732 635 781 atomis,
675 741 776 783 quae
803 745 938 773 eorum
971 737 1140 774 natutae
1162 734 1397 782 conducant,
1433 733 1578 775 alienas
1606 745 1675 773 au-

302 807 380 844 tem
409 805 495 844 eiici
521 805 646 855 plagis
673 807 861 856 pereites,
900 818 999 857 quae
1031 815 1158 858 neque
1184 807 1359 847 connecti
1387 815 1581 857 quoquam
1602 801 1674 846 'ne-

301 889 377 927 que
409 879 449 916 in
484 879 625 917 vitales
657 882 785 918 motus
824 881 1042 919 consentire
1075 891 1202 929 neque
1238 890 1304 919 eos
1341 881 1483 919 imitari
1511 881 1674 928 valeant,

300 950 399 990 hauc
425 954 557 992 autem
583 953 744 991 eandem
781 952 905 1002 legem
932 953 1199 1003 rationemque
1233 954 1359 992 omnia
1394 953 1673 993 disterminare.

298 1023 422 1062 Porro
448 1026 540 1063 sunt
565 1035 709 1073 genera
735 1025 822 1072 alia,
851 1036 951 1074 quae
980 1036 1176 1075 nunquam
1203 1026 1304 1064 inter
1332 1035 1374 1065 se
1400 1026 1623 1065 coalescunt

298 1110 346 1157 11,
372 1114 458 1149 109:
507 1113 717 1158 „multaque
741 1116 934 1158 praeterea
956 1122 1126 1159 magnum
1149 1122 1216 1158 per
1239 1114 1345 1149 inane
1370 1116 1561 1160 vagantur,

508 1170 697 1216 „conciliis
715 1180 836 1206 rerum
856 1180 952 1216 quae
977 1173 1062 1206 sunt
1083 1171 1222 1206 reiecta
1245 1181 1312 1207 nec
1336 1180 1488 1216 usquam

508 1229 745 1274 „consociare
770 1229 877 1265 etiam
900 1232 1019 1265 motus
1041 1232 1195 1275 potuere
1218 1231 1402 1275 recepta.„

297 1314 343 1353 ct
371 1315 403 1363 1,
431 1316 508 1355 245
536 1327 657 1365 seqq„
686 1316 753 1355 ubi
780 1317 857 1355 alia
883 1327 1027 1366 genera
1053 1318 1209 1367 magnis>
1241 1317 1455 1356 intervallis
1489 1316 1674 1355 distantia

297 1398 451 1437 semper
471 1389 526 1428 six:
552 1399 708 1428 manere
736 1389 909 1428 docetur.
940 1389 1139 1430 Sufficiant
1158 1390 1231 1428 loci
1255 1388 1375 1437 allati,
1404 1389 1543 1438 quibus
1559 1392 1675 1438 poeta

296 1460 345 1499 de
373 1461 490 1500 certis
518 1464 682 1500 naturae
708 1461 860 1511 legibus
887 1461 1131 1511 gravioribus
1149 1460 1526 1510 sublimioribusqwe,
1557 1469 1671 1510 quam

295 1545 395 1583 quae
414 1537 630 1574 atomorum
648 1535 954 1584 proprietatibus
973 1535 1158 1574 collectae
1177 1535 1265 1583 sint,
1295 1535 1453 1584 saepius
1479 1534 1671 1583 cogitasse

294 1606 461 1645 videtur.
516 1607 599 1646 Iam
635 1608 779 1657 optimo
815 1608 901 1646 iure
935 1608 1077 1657 aliquis
1111 1618 1249 1647 causas
1285 1610 1465 1657 quaerat,
1505 1615 1671 1656 quanam

292 1680 443 1723 ratione
471 1681 625 1729 „omnia
643 1681 895 1720 οιῃιιὶῐιιοιίίειι
924 1682 1102 1721 connecti
1120 1692 1196 1721 non
1223 1680 1385 1731 possint,
1414 1692 1493 1731 qua
1518 1680 1557 1719 in
1584 1683 1670 1720 ato·

291 1765 442 1792 morum
467 1755 714 1803 proprietate
736 1754 815 1793 sita
839 1754 891 1793 sit
917 1755 985 1793 illa
1011 1758 1164 1794 secreta
1189 1754 1373 1801 facultas,
1410 1754 1480 1792 illa
1515 1753 1668 1793 clande-

291 1827 396 1867 stina
437 1839 631 1878 caecaque
680 1830 838 1876 natura,
886 1839 963 1878 qua
998 1831 1181 1877 portenta
1223 1830 1472 1877 monstraque
1514 1826 1668 1867 evenire

290 1912 367 1940 non
400 1912 515 1950 posse
550 1900 739 1939 sancitum
774 1901 826 1939 sit
860 1904 934 1940 cet.
991 1901 1101 1939 Talia
1137 1901 1238 1939 enim
1273 1903 1518 1949 argumenta,
1554 1899 1667 1949 quale

289 1974 320 2022 I,
357 1975 565 2014 174—180
597 1955 749 2021 datum,
786 1985 829 2013 re
856 1985 951 2013 vera
977 1973 1072 2012 nihil
1098 1973 1282 2023 probare,
1318 1984 1430 2012 nemo
1466 1973 1665 2013 doctrinae

289 2047 563 2097 intelligendae
609 2047 769 2097 cupiens
809 2045 1047 2085 infitiabitur.
1117 2046 1198 2086 Nec
1238 2046 1379 2096 aliquis
1415 2046 1454 2085 in
1491 2046 1664 2086 Lucretii

290 2121 506 2170 explanatis
534 2121 720 2161 doctrinis
739 2121 909 2159 inveniet
935 2131 1085 2168 causas,
1106 2120 1247 2170 quibus
1273 2120 1359 2159 illas
1387 2120 1494 2169 leges
1514 2130 1661 2168 caecaS,

289 2206 387 2245 quae
415 2198 593 2234 naturam
620 2197 773 2245 regunt,
802 2205 849 2234 ex
876 2196 1092 2234 atomorum
1119 2194 1180 2234 vel
1207 2192 1344 2244 figuza,
1382 2193 1443 2234 vel
1469 2193 1662 2250 magnitu—

286 2269 433 2317 tudine,
461 2269 523 2307 vel
549 2269 721 2318 pondere
747 2268 805 2306 ita.
835 2268 972 2315 ducat,
1014 2271 1059 2306 ut
1085 2268 1187 2310 omni
1212 2268 1331 2308 dubio
1361 2268 1663 2307 cumulatissime

286 2340 462 2381 satisfiat.
517 2341 633 2381 Patet
664 2348 757 2391 ergo
791 2341 864 2381 hac
896 2341 935 2380 in
961 2349 1005 2380 re
1033 2340 1197 2380 maxima
1228 2341 1349 2380 totius
1378 2340 1576 2381 doctrinae
1603 2341 1661 2380 in-

283 2414 463 2463 firmitas,
501 2424 600 2465 quae
637 2414 698 2453 vel
733 2417 963 2454 sectatorem
997 2394 1381 2463 firaedicatoremque
1418 2415 1503 2453 eius
1530 2424 1660 2454 amore

282 2489 446 2528 maxime
482 2492 639 2539 captum
672 2488 712 2529 in
744 2487 945 2528 sententiis
988 2486 1210 2528 exhibendis
1256 2498 1387 2527 secum
1423 2489 1658 2537 pugnantem

281 2562 383 2602 fecit.
442 2561 518 2602 Sed
544 2561 657 2602 facile
685 2562 1002 2612 quoquevaliquis
1030 2573 1076 2602 eo
1103 2561 1320 2609 inducatur,
1351 2564 1395 2600 ut
1423 2564 1543 2600 totam
1563 2560 1656 2610 Epi-
