1968 2859
364 83 418 125 32

1008 197 1098 266 VI.

767 336 837 375 DA
865 335 1161 375 ATOMORUM
1188 336 1348 376 MOTU.

468 460 673 501 Lucretius
711 462 919 501 secundum
954 462 1001 501 de
1038 473 1167 501 rerum
1206 466 1344 501 natura
1380 462 1519 501 librum
1555 463 1742 513 incipiens

364 535 411 574 de
448 540 640 584 perpetuo
676 539 891 574 atomorum
925 539 1043 582 motu,
1083 548 1160 585 quo
1194 547 1256 574 res
1294 548 1426 576 omnes
1460 530 1670 586 gignantur
1704 540 1744 576 et

363 608 609 647 resolvantur
628 608 795 647 disserit.
827 608 901 647 Sed
928 621 1012 648 cum
1040 609 1164 657 prima
1191 613 1318 648 motus
1347 621 1464 648 causa
1491 610 1663 661 grayitas
1683 611 1743 649 vel

362 681 513 730 pondus
551 684 765 720 atomorum
803 667 1066 730 praedicetur,
1104 682 1175 723 hoc
1214 683 1310 730 loco,
1354 694 1452 733 quae
1488 683 1535 721 de
1571 683 1742 733 pondere

363 754 467 812 dicta
493 758 585 793 sunt
612 766 635 793 a
662 758 789 803 poeta,
818 756 1075 804 praemittam.
1118 755 1280 794 Praeter
1307 759 1522 794 atomorum
1549 757 1741 806 magnitu-

362 828 489 866 dinem
517 828 735 877 proprietas
763 828 892 877 magni
927 829 1109 867 momenti
1145 828 1372 878 perhibetur
1406 841 1538 869 earum
1571 830 1741 879 gravitas

362 901 423 940 vel
465 901 637 950 pondus3
681 913 767 939 nam
810 905 853 939 ut
894 902 1002 939 varia
1035 902 1300 950 ‘magnitudine
1338 905 1378 940 et
1410 901 1544 951 figuris
1579 903 1742 941 diversis

362 977 521 1014 externa
548 986 678 1025 rerum
717 975 922 1014 diversitas
952 975 1183 1023 declaratur,
1219 975 1274 1014 ita
1306 975 1477 1025 pondere
1511 976 1628 1023 ratio,
1667 988 1743 1026 qua

359 1048 403 1087 fit
430 1060 478 1087 ne
507 1036 729 1087 universum
758 1052 835 1087 stet
854 1048 1057 1097 immobile,
1088 1049 1312 1098 explicatur.
1342 1049 1511 1088 Necesse
1532 1053 1594 1088 est
1613 1052 1742 1088 autem

359 1122 497 1161 atomis
518 1107 685 1171 'pondus
726 1123 844 1161 tribui
889 1126 928 1161 et
972 1123 1183 1162 secundum
1224 1123 1341 1171 illud,
1384 1122 1477 1161 nihil
1522 1135 1568 1162 ex
1611 1122 1741 1171 nihilo,
1793 1110 1796 1113 ¹

361 1196 452 1245 quia
480 1195 596 1234 rebus
625 1196 815 1235 concretis
843 1196 993 1245 pondus
1028 1196 1154 1235 inesse
1189 1198 1387 1244 sentimus,
1427 1201 1467 1235 et
1501 1197 1591 1245 quia
1624 1197 1743 1234 atomi

361 1273 453 1308 sunt
490 1268 647 1308 solidae.
686 1270 813 1317 Quare
842 1269 1046 1308 Lucretius
1083 1273 1298 1308 atomorum
1331 1269 1553 1308 affectiones
1588 1270 1624 1317 Ι,
1664 1270 1741 1308 632

362 1353 617 1390 enumerans,
656 1337 788 1381 earum
822 1354 937 1381 unam
972 1346 1244 1382 commemorat
1281 1343 1513 1392 „pondera“.
1562 1331 1743 1392 Singulae

360 1420 489 1456 autem
518 1417 637 1456 atomi
666 1416 912 1456 nonhabent
939 1416 1117 1466 aequalia
1135 1417 1237 1455 inter
1257 1428 1298 1455 se
1317 1417 1500 1466 pondera,
1527 1416 1595 1455 sed
1613 1416 1742 1466 potius

320 1523 325 1527 ·
359 1513 408 1558 11,
434 1514 524 1549 725:
574 1512 737 1557 „semina
762 1523 843 1547 cum
868 1523 976 1558 porro
1003 1512 1155 1557 distent,
1189 1512 1335 1547 differre
1369 1514 1556 1548 necessust

360 1569 364 1573 ’
573 1595 1052 1606 .........
1101 1569 1263 1615 pondera
1312 1596 1320 1604 .
1369 1596 1378 1604 .
1428 1598 1436 1606 .
1474 1580 1496 1604 ·.
1545 1596 1554 1604 .

320 1644 322 1646 ’
361 1660 520 1698 Atomis-
541 1670 633 1698 vero
662 1658 834 1697 eiusdem
855 1658 1085 1697 extentionis
1106 1658 1285 1707 aequalia
1312 1669 1397 1697 esse
1425 1658 1597 1707 pondera
1624 1669 1671 1696 ex
1697 1669 1742 1696 eo

361 1732 577 1772 ducendum
615 1735 693 1779 est,
737 1731 839 1780 quod
876 1742 1010 1770 verum
1045 1735 1260 1770 atomorum
1303 1731 1507 1771 discrimen
1543 1731 1581 1770 in
1625 1731 1741 1770 variis

360 1806 495 1856 figuris
525 1805 617 1856 solis
645 1805 814 1854 positum
844 1808 915 1853 est,
952 1816 998 1843 ex
1027 1805 1166 1854 quibus
1201 1808 1241 1844 et
1267 1806 1413 1844 variam
1439 1805 1741 1854 magnitudinem

344 1890 447 1929 ‚esse
474 1883 515 1919 et
542 1879 691 1918 varium
718 1878 869 1928 pondus
898 1879 1079 1928 colligere
1114 1879 1217 1926 licet,
1252 1879 1384 1928 itaque
1412 1878 1616 1917 Lucretius
1644 1889 1740 1927 pon-

361 1954 456 1993 dera
491 1965 568 1996 non
596 1965 722 2003 aequa
748 1953 804 2001 II,
846 1954 942 2001 239,
984 1953 1165 2002 graviora
1195 1953 1425 2002 corpuscula
1452 1956 1493 1993 et
1518 1953 1665 1992 leviora
1691 1952 1741 2001 Π,

359 2028 448 2076 225,
476 2028 551 2067 227
582 2030 866 2066 commemorat.
898 2026 998 2065 Sane
1025 2026 1175 2076 pondus
1203 2026 1305 2066 inani
1323 2026 1523 2076 proprium
1546 2037 1623 2065 non
1642 2037 1740 2073 esse,

361 2103 424 2141 vix
451 2102 556 2151 quod
582 2104 914 2149 commemoretur,
944 2101 1101 2150 dignum
1128 2101 1293 2141 videtur.

465 2176 550 2224 Qua
583 2176 638 2223 ,de
680 2186 722 2214 re
765 2175 867 2224 quod
908 2174 1049 2213 attinet
1082 2175 1132 2213 ad
1164 2175 1386 2224 Epicurum,
1427 2174 1503 2213 iam
1539 2174 1740 2214 citavimus

360 2250 485 2290 locum
515 2250 578 2301 (D.
607 2250 650 2287 L.
680 2250 727 2298 X,
756 2250 843 2299 54),
881 2261 957 2299 quo
992 2249 1053 2289 hic
1081 2251 1219 2295 atomis
1248 2250 1398 2298 pondus
1427 2249 1574 2297 tribuit,
1611 2251 1740 2297 trium,

361 2336 460 2374 quae
488 2324 536 2363 de
563 2324 704 2363 atomis
732 2324 949 2373 praedicari
986 2324 1137 2373 possint
1172 2324 1455 2373 proprietatum
1491 2323 1588 2363 hanc
1625 2334 1740 2362 unam

360 2398 527 2447 faciens;
567 2402 680 2437 vocat
707 2398 804 2437 alias
832 2402 973 2451 βαρεῖς
1001 2398 1096 2436 alias
1125 2395 1278 2451 κούφας
1314 2400 1337 2435 1.
1367 2409 1398 2436 c.
1433 2398 1495 2445 61,
1535 2398 1636 2437 sicut
1661 2396 1740 2435 Lu-

245 2470 249 2474 ’
282 2490 285 2492 ·
343 2473 509 2522 ⁴cretius
538 2473 737 2523 graviores
758 2476 797 2511 et
824 2472 1001 2512 leviores.
1027 2496 1072 2500 —
1096 2472 1360 2512 Democritum
1387 2472 1561 2521 pondeia
1588 2471 1742 2511 diversa

323 2593 326 2595 ,
360 2559 407 2587 ex
444 2547 552 2587 varia
588 2551 802 2586 atomorum
838 2548 1102 2597 magnitudine
1148 2547 1303 2586 duxisse
1346 2549 1499 2586 constat
1537 2557 1584 2585 ex
1618 2546 1740 2587 Arist.
