1968 2859
313 138 342 180 4

414 243 526 291 Quae
555 242 801 293 antiquitatis
816 242 1051 298 testimonia
1079 242 1113 282 si
1129 242 1282 282 ‘omnia
1301 240 1587 292 complecteris,
1625 241 1696 281 du-

312 306 417 345 bium
444 316 528 349 non·
549 307 637 354 erit,
677 306 771 356 quin
808 306 969 346 formam
1006 317 1053 345 ea
1079 305 1322 356 potissimum
1350 305 1581 345 exteriorem
1608 313 1696 355 spe-

309 363 491 416 otent‚⁷in
512 380 599 418 qua,
613 374 617 378 ’
629 371 776 419 quanta
794 372 879 408 arte
907 367 1086 408 versatus
1105 369 1225 408 fuerit
1243 368 1460 416 Lucretius,
1484 368 1696 415 declarant,

293 430 405 469 ¹dum
432 431 750 483 degargumentis
778 432 874 481 ipsis
902 432 997 472 nihil
1025 431 1107 471 fere
1135 431 1311 481 probant.

421 493 534 541 Quod
562 497 705 533 attinet
723 494 772 532 ad
791 494 1004 533 recentium
1022 497 1241 543 temporum
1261 494 1485 541 sententias,
1513 493 1576 531 vix
1594 491 1697 531 ullus
1722 502 1724 504 ·

312 567 560 616 antiquitatis
588 570 726 607 auctor
753 580 877 618 aeque
906 566 1059 607 diverse
1087 579 1132 608 ac
1151 568 1356 607 Lucretius
1380 567 1607 607 aestimatus
1634 578 1696 606 re·
1762 590 1765 592 -

294 621 499 679 periatur.
528 629 629 669 Dum
659 630 725 669 alii
753 642 840 669 eum
868 630 1046 670 laudibus
1076 631 1298 671 extulerunt
1326 631 1504 681 egregiis,
1535 630 1601 668 alii
1620 630 1696 668 vir-

310 693 408 731 tutis
435 683 577 742 parum·
602 693 637 731 ei
665 693 923 742 vindicarunt,
954 688 1301 743 quarum'partium
1319 693 1567 743 interpretes,
1598 692 1695 732 alte-

311 755 393 794 rius
422 756 576 795 Astium
613 756 653 794 in
685 755 797 805 libro,
833 758 896 796 cui
933 756 1092 796 titulus:
1132 748 1356 796 Grundriss.
1381 756 1451 796 der
1483 755 1697 805 Philologie

311 809 520 867 pagss467,
558 819 719 857 alterius
748 822 948 858 auctorem
977 820 1311 859 commentationis
1344 820 1383 858 in
1409 819 1531 858 libro:
1568 818 1695 857 Nach-

307 883 420 930 trage
442 892 491 919 zu
514 880 671 920 Sulzers
692 881 859 921 Theorie
889 882 958 921 der
977 874 1148 922 schonen
1166 882 1318 921 Kiinste
1338 884 1429 921 tom.
1449 881 1535 929 VII,
1556 891 1647 930 pars
1666 881 1696 928 I,

305 954 395 992 pag.
422 943 500 982 310
526 944 690 993 exempli
714 948 865 983 tantum
887 957 1006 984 causa
1029 957 1295 985 commemoro.
1342 944 1545 984 Uberrime
1568 946 1697 983 autem

307 1004 355 1044 de
387 1004 448 1044 his
476 1005 594 1045 rebus
628 1006 813 1047 disseruit
831 1006 1078 1047 Eichstadius
1106 1008 1144 1046 in
1177 1008 1220 1046 L.
1254 1006 1423 1046 editione
1456 1006 1561 1056 Lips.
1596 1006 1694 1045 1801

306 1068 380 1115 vol.
407 1068 437 1116 I,
469 1069 546 1117 8¹⁷3,
563 1069 613 1107 ad
642 1081 757 1119 quem
784 1070 925 1121 librum
952 1070 1087 1109 harum
1108 1082 1238 1109 rerum
1268 1070 1463 1109 studiosos
1496 1072 1697 1109 revocatos

311 1142 398 1171 esse
426 1131 528 1170 volo.
1077 1145 1080 1150 ·

348 1212 353 1217 '
415 1205 524 1253 Quae
574 1205 744 1255 antiquis
768 1206 866 1244 ·iam
911 1205 1121 1245 lectoribus
1167 1206 1207 1243 in
1248 1205 1420 1244 Lucretii
1466 1205 1697 1245 carminibus

311 1279 547 1318 magnopere
575 1267 794 1317 placebant,
823 1268 934 1316 nobis
962 1280 1061 1307 novo
1082 1280 1127 1307 eo
1147 1271 1339 1307 momento
1359 1271 1564 1318 augentur,
1594 1267 1698 1318 quod

307 1331 348 1369 in
389 1331 439 1369 iis
476 1331 734 1381 amplissimos
770 1332 881 1381 quasi
920 1332 1214 1371 commentarios
1257 1332 1297 1370 in
1329 1332 1489 1381 Epicuri
1524 1331 1696 1381 physica,

307 1405 408 1444 quae
438 1393 563 1433 adhuc
593 1398 758 1442 exstant,
787 1394 1042 1443 possidemus.
1072 1395 1216 1433 Fontes
1246 1395 1359 1442 enim,
1390 1406 1437 1434 ex
1460 1394 1599 1444 quibus
1627 1405 1696 1432 no-

306 1457 433 1495 titiam
467 1457 515 1495 de
551 1457 618 1495 illa
654 1457 830 1496 doctrina
878 1457 1035 1496 haurire
1079 1458 1183 1505 licet,
1224 1457 1442 1496 scaturiunt
1486 1469 1556 1496 nec
1601 1456 1696 1496 satis

306 1518 447 1558 uberes
467 1530 538 1559 nec
561 1520 656 1560 satis
685 1520 790 1568 clari,
822 1531 938 1569 quam
956 1520 1005 1559 ab
1034 1531 1190 1559 causam
1208 1520 1368 1569 Epicuri
1396 1520 1554 1558 sedulus
1573 1518 1693 1558 fidus-

308 1594 383 1633 que
413 1582 627 1632 discipulus
655 1583 832 1634 magistri
852 1584 1067 1624 doctrinam
1097 1578 1340 1636 abundanter
1369 1583 1578 1633 explanans
1606 1593 1696 1622 exo-

307 1649 443 1696 ptatus
472 1646 582 1685 nobis
610 1646 733 1686 adest.
770 1647 851 1686 Nec
880 1647 997 1686 etiam
1026 1659 1083 1695 ea,
1114 1658 1212 1697 quae
1240 1647 1434 1696 Diogenes
1449 1647 1630 1685 Laertius
1657 1646 1696 1684 in

307 1709 407 1748 libro
435 1709 483 1757 X,
512 1721 582 1749 nec
620 1721 683 1757 ea,
714 1722 813 1759 quae
851 1709 986 1749 Cicero
1023 1711 1061 1748 in
1097 1710 1214 1749 variis
1258 1709 1414 1759 scriptis
1452 1710 1500 1748 de
1536 1709 1696 1758 Epicuri

308 1772 536 1811 commentis
566 1772 822 1821 tradiderunt,
861 1772 1068 1821 sufficiunt,
1107 1773 1246 1822 quibus
1281 1783 1411 1811 omnes
1447 1775 1487 1811 et
1522 1771 1695 1821 singulas

307 1834 506 1874 doctrinae
534 1838 667 1884 partes
694 1836 918 1885 perspicere
936 1836 1140 1885 possimus.
1170 1836 1247 1874 Alii
1267 1838 1460 1882 auctores,
1491 1833 1694 1882 Stobaeus,

307 1897 551 1945 Plutarchus,
583 1897 724 1937 Sextus
752 1898 876 1948 Emp.,
908 1898 1126 1947 Simplicius
1155 1898 1217 1937 vel
1245 1898 1446 1937 occasione
1474 1897 1575 1936 forte
1604 1896 1696 1935 data

306 1959 367 1998 vel
395 1960 643 2010 comparandi
672 1964 822 1999 tantum
850 1972 969 2001 causa
995 1961 1110 2000 modo
1135 1961 1373 2000 brevissimis
1408 1960 1549 2008 verbis,
1579 1959 1693 1999 modo

307 2023 448 2063 leviter
490 2036 706 2074 parumque
735 2028 917 2065 accurate
946 2025 1186 2074 interruptas
1214 2024 1317 2063 illius
1351 2023 1570 2074 philosophi
1607 2034 1693 2063 sen—

306 2088 449 2126 tentias
487 2086 709 2135 afferentes,
751 2099 877 2137 neque
916 2099 1048 2127 earum
1092 2088 1231 2127 seriem
1275 2088 1525 2137 ordinemque
1568 2098 1693 2136 neque

306 2150 478 2189 rationes
506 2150 717 2199 probantes
746 2151 948 2200 praebent,
987 2150 1126 2200 quibus
1164 2151 1261 2190 alias
1295 2162 1341 2190 ex
1369 2150 1455 2190 aliis
1483 2153 1596 2200 aptas
1624 2161 1692 2189 ne-

306 2213 631 2263 cessitudinisque
673 2214 827 2253 vinculo
869 2225 988 2253 nexas
1026 2214 1234 2264 intelligas.
1280 2213 1321 2253 Si
1356 2225 1449 2264 ergo
1485 2213 1692 2254 Lucretius

305 2276 419 2315 testis
448 2276 562 2326 longe
600 2277 794 2326 copiosior
830 2288 906 2316 non
943 2277 1112 2325 adesset,
1151 2288 1309 2326 gravem
1347 2288 1393 2315 ex
1426 2276 1692 2325 philosophiae

305 2339 470 2378 historia
497 2343 661 2389 partem,
699 2341 974 2388 Atomicorum,
1009 2341 1198 2389 imprimis
1226 2340 1398 2390 Epicuri,
1437 2340 1571 2388 „cuius
1600 2339 1691 2379 doc-

305 2402 447 2451 trina“,
485 2405 529 2441 ut
557 2396 613 2442 ait
638 2402 866 2456 Lactantius
905 2404 993 2442 inst.
1023 2403 1098 2443 div.
1127 2403 1197 2451 III,
1229 2404 1289 2451 17,
1330 2403 1476 2451 „multo
1503 2402 1694 2441 celebrior

306 2476 459 2514 semper
477 2464 551 2504 fuit
579 2478 694 2516 quam
713 2468 972 2514 ceterorum“,
1002 2467 1219 2505 sententias
1246 2466 1373 2505 minus
1402 2469 1508 2506 recte
1528 2476 1691 2515 cognos-

305 2539 492 2577 ceremus,
533 2530 765 2578 praesertim
801 2541 886 2569 cum
914 2529 1113 2581 doctrinae
1141 2529 1398 2577 inventorum,
1437 2528 1625 2577 Leucippi
1653 2531 1694 2567 et

304 2591 530 2641 Democriti,
558 2603 705 2642 paucas
733 2592 943 2632 habeamus
971 2592 1170 2642 reliquias.
1226 2592 1280 2637 At
1313 2591 1387 2631 iam
1417 2591 1594 2642 quaestio
1622 2589 1690 2630 ob-
