1968 2859
1491 133 1544 173 45

174 230 276 277 versi
294 239 482 280 infinitate
500 242 683 280 seductus
702 243 857 289 praeter
875 241 1191 278 commemoratas
1218 238 1455 287 (angulosas,
1477 249 1542 277 ro-

175 312 314 351 tundas
329 314 419 363 cet.)
440 314 535 352 alias
553 312 721 352 infinitas
736 313 817 351 sive
832 311 936 361 quod
950 311 1000 350 ad
1018 311 1316 359 magnitudinem
1338 310 1420 350 sive
1440 310 1543 360 quod

174 385 223 424 ad
245 397 444 425 numerum
468 389 629 436 spectat,
654 391 791 433 sumat,
817 396 837 423 e
859 383 1178 434 praecedentibus
1194 383 1394 423 sententiis
1413 383 1542 431 aliam,

174 469 316 506 genera
329 458 539 507 figurarum
554 459 746 508 permulta
760 458 913 507 quidem
928 460 1082 496 exstare
1097 460 1136 495 et
1151 456 1441 505 quodammodo,
1457 468 1543 496 cum

174 542 302 570 rerum
326 532 494 571 varietas
518 535 627 571 tanta
653 531 715 579 sit,
744 530 853 577 nobis
881 529 1184 577 innumerabilia,
1214 533 1256 568 at
1282 541 1359 569 non
1384 528 1542 569 infinita.

174 604 248 651 Qui
276 604 383 644 locus
412 609 455 643 ut
481 609 585 644 recte
613 605 870 652 intelligatur,
906 603 945 641 in
981 607 1147 642 mentem
1175 614 1399 642 revocemus
1427 614 1543 651 opor-

174 678 233 715 tet
266 687 329 725 ea,
372 689 471 727 quae
505 678 552 717 de
587 677 695 716 varia
739 679 954 715 atomorum
987 676 1251 725 magnitudine
1292 675 1396 715 dicta
1441 679 1542 715 sunt.

174 750 355 797 Quamvis
382 751 482 789 enim
509 750 772 799 magnitudine
800 749 917 788 atomi
944 749 1045 788 inter
1069 761 1111 788 se
1140 749 1446 798 distinguantur,
1484 753 1543 788 ta—

172 834 258 862 men
292 823 386 863 haec
423 835 554 862 earum
591 824 759 862 varietas
792 824 907 861 certis
949 821 1088 861 finibus
1126 820 1362 870 continetur,
1401 822 1544 871 quippe

174 908 260 935 cum
286 896 403 935 atomi
423 908 547 946 neque
565 899 697 936 tantae
725 896 814 943 sint,
843 907 941 945 quae
963 896 1083 935 oeulis
1102 896 1208 935 cerni
1226 896 1388 945 possint,
1417 907 1542 945 neque

173 973 301 1013 tamen
328 970 429 1009 omni
457 971 677 1009 extentione
705 969 928 1019 ambituque
956 973 1125 1009 careant.
1181 969 1252 1009 Cui
1286 973 1416 1009 autem
1453 973 1539 1009 ato-

174 1055 235 1083 mo
262 1044 485 1093 magnitudo
512 1043 622 1082 finita
649 1047 726 1092 est,
764 1043 889 1093 figura
921 1043 1044 1082 eidem
1080 1042 1228 1083 infinita
1256 1055 1341 1082 esse
1369 1055 1445 1083 non
1473 1055 1541 1093 po-

174 1120 262 1155 test.
317 1118 481 1164 Deinde,
519 1117 622 1166 quod
656 1117 878 1156 485--496
907 1117 1080 1165 exemplo
1108 1117 1338 1164 illustratur,
1371 1117 1544 1165 corporis

174 1189 338 1228 ambitus
365 1189 666 1239 magnitudoque
693 1200 740 1228 eo
767 1189 879 1228 modo
915 1188 1092 1238 augenda
1132 1193 1193 1238 est
1232 1189 1340 1229 novis
1368 1189 1545 1239 partibus

174 1263 394 1311 assumptis,
423 1274 499 1311 quo
527 1263 657 1311 plures
685 1263 811 1301 varias
839 1262 985 1310 figuras
1012 1262 1180 1311 figurare
1207 1263 1401 1309 volumus;
1430 1263 1544 1301 simili

174 1346 327 1385 quoque
354 1336 503 1374 ratione
531 1338 571 1374 et
597 1335 727 1383 atomi,
756 1335 789 1374 si
816 1334 988 1374 infinitae
1016 1335 1063 1373 iis
1091 1334 1238 1384 figurae
1266 1339 1415 1383 essent,
1452 1335 1544 1374 visi-

174 1408 270 1447 biles
297 1409 360 1448 vel
386 1409 561 1448 immanis
590 1409 821 1448 extentionis
856 1412 1008 1448 exstare
1037 1409 1233 1448 deberent.
1298 1409 1426 1456 Quare
1460 1420 1545 1448 cum

173 1481 212 1520 in
252 1493 329 1521 una
371 1482 581 1532 eademque
621 1486 749 1521 atomo
785 1481 934 1521 infinita
965 1481 1090 1532 figura
1128 1482 1255 1522 inesse
1271 1489 1273 1493 '
1292 1493 1368 1521 non
1410 1483 1545 1532 possit,

174 1556 325 1594 omnino
353 1559 567 1594 atomorum
594 1555 742 1604 figurae
770 1556 940 1594 infinitae
967 1567 1043 1603 non
1071 1563 1171 1595 sunt.

279 1627 378 1667 Sane
407 1631 542 1668 eontra
567 1628 665 1667 hanc
691 1631 831 1678 poetae
867 1629 1055 1668 rationem
1082 1628 1271 1678 probandi
1307 1631 1425 1678 atque
1452 1639 1544 1668 con-

174 1702 352 1741 cludendi
379 1702 564 1750 imprimis
592 1701 664 1741 hac
691 1702 739 1741 de
766 1714 821 1750 re,
850 1702 953 1752 quod
979 1702 1105 1741 minus
1124 1714 1239 1751 quam
1263 1714 1335 1751 par
1363 1706 1423 1741 est
1450 1714 1542 1752 sup-

172 1778 291 1824 petat,
319 1774 564 1814 vehementer
590 1774 716 1814 invehi
745 1774 803 1814 fas
833 1776 999 1825 esset,*)
1035 1775 1104 1814 sed
1131 1776 1341 1825 repetimus
1369 1776 1445 1815 iam
1471 1787 1541 1815 an-

222 1963 250 2004 *)
294 1962 577 1996 Anti-Lucretius
600 1963 660 2005 111,
682 1963 758 1996 360:

318 2016 398 2057 „Dic
421 2017 512 2056 mihi,
535 2027 618 2057 quae
641 2018 755 2058 virtus,
779 2027 862 2058 quae
886 2027 988 2049 causa
1008 2017 1175 2058 potentior
1197 2017 1271 2058 ipsa

318 2069 476 2110 „materia
497 2077 619 2110 paucas
642 2069 684 2101 ad
707 2070 831 2102 classes
855 2070 914 2102 illa
935 2070 1065 2110 redegit

318 2122 475 2164 „semina,
499 2132 582 2163 quae
605 2122 700 2154 nobis
723 2126 859 2155 aeterna
881 2122 1107 2164 immensaque
1127 2123 1256 2156 iactas?

318 2227 422 2269 „Nam
445 2227 473 2259 si
495 2227 595 2259 atomi
616 2232 693 2259 sunt
714 2227 905 2259 innumerae
929 2227 990 2260 sub
1015 2237 1144 2269 quaque
1167 2228 1282 2270 figura,

318 2280 455 2321 „saltem
477 2279 625 2311 infinitae
647 2280 779 2320 generis
802 2280 961 2320 cuiusque
985 2281 1088 2313 creati

317 2341 391 2373 „res
414 2332 547 2372 fierent;
569 2332 757 2372 passimque
780 2332 850 2372 lupi
871 2333 1062 2373 passimque
1085 2334 1201 2366 leones

317 2389 371 2426 „et
392 2384 538 2426 pecudes
560 2385 693 2426 passim,
716 2384 854 2425 lapideS,
875 2385 1010 2425 plantae
1033 2391 1250 2419 exorerentur

317 2442 434 2479 „atque
456 2438 622 2478 homines3
646 2437 751 2469 omnis
775 2447 905 2478 semper
926 2438 1022 2471 daret
1045 2439 1153 2471 omnia
1173 2439 1284 2479 tellus,

317 2500 397 2532 „nec
420 2491 570 2523 volucres
593 2499 660 2530 aer,
682 2499 744 2522 nee
765 2490 876 2531 pisces
900 2491 988 2523 unda
1009 2495 1148 2523 teneret.

316 2566 1368 2578 ·····················

316 2597 405 2637 „Nec
427 2596 516 2628 iuvat
537 2596 727 2627 innumeros
749 2596 830 2628 alibi
852 2596 1041 2637 confingere
1067 2596 1217 2636 mundos,
