1968 2859
502 244 582 290 „Te
606 248 751 290 sequor,
776 254 797 279 o
824 243 958 280 Graiae
983 242 1105 293 gentis
1129 242 1253 288 deone,
1276 242 1388 288 inque
1411 242 1485 278 tuis
1508 251 1604 277 nunc

500 301 610 348 „ficta
633 301 768 348 pedum
791 312 888 348 pono
912 300 1052 347 pressis
1075 300 1234 347 vestigia
1260 300 1388 346 signis,

500 370 597 404 „non
620 359 673 396 ita
697 359 861 395 certandi
887 358 1042 404 cupidus
1068 369 1176 404 quam
1199 361 1349 404 propter
1373 369 1543 404 amorem,

503 417 629 463 „quod
651 419 689 453 te
714 416 848 453 imitari
873 426 985 461 ave03
1012 415 1101 461 quid
1126 415 1220 451 enim
1246 416 1446 452 contendat
1469 415 1624 451 hirundo

501 475 665 520 „cycnis,
690 477 753 511 aut
778 474 868 520 quid
893 485 975 509 nam
999 473 1163 510 tremulis
1187 473 1309 510 facere
1335 474 1486 511 artubus
1511 473 1621 510 hoedi

500 532 713 576 „consimile
736 532 773 566 in
798 540 908 567 cursu
933 531 1077 576 possint
1103 533 1141 566 et
1166 530 1271 566 fortis
1296 531 1382 576 equi
1406 527 1513 567 vis?“

422 622 551 671 Atque
572 624 817 671 quaerentes,
837 631 928 659 num
947 631 1082 659 verum
1107 620 1170 668 sit,
1199 620 1302 671 quod
1322 631 1438 670 saepe
1463 623 1526 660 est
1543 620 1700 668 dictum,

314 690 390 723 non
427 690 579 723 merere
612 683 885 733 philosophum
922 683 1113 723 nominari
1147 683 1377 733 Epicurum,
1414 684 1481 734 qui
1514 683 1701 734 Leucippi

315 750 356 786 ct
374 747 589 787 Democriti
616 747 861 787 inventorum
890 747 1002 797 quasi
1020 756 1162 786 nervos
1191 747 1350 794 eliserit,
1375 747 1587 787 Democriti
1614 745 1700 787 fon-

313 810 437 858 tibus,
472 814 517 849 ut
550 810 606 849 ait
646 810 785 850 Cicero
828 811 876 849 de
914 813 993 849 nat.
1023 810 1129 849 deor.
1158 811 1193 858 Ι,
1233 810 1254 859 ἓ
1283 811 1378 858 120,
1407 810 1582 849 hortulos
1610 821 1701 849 snos

308 868 547 922 irrigaverit,
577 873 616 912 in
639 873 811 922 physicis
840 875 987 920 autem,
1017 871 1156 922 quibus
1175 874 1338 912 maxime
1366 872 1569 922 glorietur,
1595 875 1701 912 totus

313 936 366 975 sit
392 935 554 983 alienus,
584 936 651 986 qui
678 936 838 974 adiiciat
855 935 1081 974 Democrito
1122 946 1318 985 perpauca
1342 938 1509 984 mutans,
1537 935 1606 974 sed
1633 935 1700 981 ita,

314 1002 359 1039 ut
386 1010 452 1047 ea,
490 1010 591 1049 quae
619 999 819 1049 corrigere
849 998 962 1046 velit,
999 998 1213 1048 depravare
1247 999 1437 1047 videatur,
1467 998 1531 1049 (cf.
1561 998 1608 1038 de
1635 997 1699 1039 fin.

313 1062 402 1102 bon.
430 1065 472 1101 et
497 1062 586 1100 mal.
615 1062 645 1109 I,
676 1061 697 1111 ξ
727 1063 797 1109 17;
833 1062 880 1100 de
909 1065 987 1100 nat.
1017 1062 1122 1101 deor.
1150 1062 1182 1110 I,
1211 1062 1232 1112 ξ
1261 1062 1339 1113 73),
1394 1062 1576 1102 Lucretio
1604 1074 1700 1113 quo-

246 1173 250 1175 ,
314 1137 391 1176 que
409 1125 606 1175 ingenium
633 1124 942 1174 philosophicum
963 1124 1137 1164 tribuere
1160 1137 1326 1175 aequum
1347 1132 1424 1164 non
1443 1124 1529 1173 erit,
1559 1125 1701 1176 quippe

316 1189 383 1239 qui
423 1199 616 1238 nusquam
652 1199 694 1227 se
730 1188 907 1237 magistri
942 1188 1142 1237 opiniones
1182 1188 1244 1228 vel
1288 1188 1597 1237 improbaturum
1639 1189 1701 1228 vel

313 1251 609 1291 emendaturum
639 1251 815 1291 affirmet.
869 1251 991 1291 Immo
1027 1263 1159 1291 omnes
1193 1251 1275 1291 fere
1303 1251 1519 1291 sententiae
1556 1252 1640 1292 eius
1668 1253 1701 1291 si

313 1326 401 1355 cum
428 1315 588 1364 Epicuri
623 1314 731 1354 libris
771 1318 1064 1363 comparantur,
1102 1314 1249 1354 nullum
1276 1314 1499 1365 relinquunt
1532 1315 1700 1363 dubium,

315 1378 408 1429 quin
436 1377 531 1417 illud
572 1378 723 1429 „iurare
760 1378 800 1416 in
836 1377 959 1417 verba
993 1378 1194 1429 magistri“
1231 1378 1384 1417 omnino
1411 1379 1450 1418 in
1478 1377 1700 1418 Lucretium

284 1468 294 1478 ,
315 1442 449 1490 cadat,
488 1444 748 1491 quapropter,
791 1442 824 1480 si
851 1452 988 1491 parum
1016 1441 1160 1491 ingenii
1187 1442 1362 1481 acumine
1389 1442 1602 1492 Epicurum
1630 1455 1698 1483 va—

314 1505 396 1544 lere
423 1505 572 1551 credas,
602 1505 637 1543 ei
665 1515 832 1554 quoque,
861 1505 1070 1554 praecipue
1090 1505 1194 1555 quod
1221 1505 1361 1544 attinet
1380 1506 1430 1544 ad
1458 1509 1698 1555 argumenta,

314 1568 511 1618 ingenium
539 1567 755 1607 attribuere
783 1578 859 1606 non
886 1568 1030 1607 licebit.
1087 1568 1195 1616 Quae
1223 1568 1316 1607 mihi
1343 1568 1443 1608 ratio
1477 1580 1563 1608 esse
1591 1569 1698 1609 vide—

315 1635 399 1679 tu'r,
437 1637 558 1681 quare
586 1630 784 1670 Ciceronis
812 1631 862 1670 ad
890 1632 1019 1679 Quint.
1048 1631 1137 1670 frat.
1166 1631 1349 1670 iudicium
1390 1642 1509 1681 supra
1543 1632 1700 1671 allatum

314 1696 382 1744 ita,
411 1698 456 1734 ut
482 1694 568 1742 feci,
598 1694 866 1744 explicandum
895 1696 958 1734 sit.
987 1717 1039 1723 ——

421 1778 529 1817 Libri
560 1778 630 1829 „de
659 1786 789 1817 rerum
818 1778 997 1827 natura“,
1027 1777 1131 1828 quod
1149 1779 1224 1818 iam
1252 1778 1394 1818 attinet
1421 1779 1470 1818 ad
1486 1789 1548 1818 res
1569 1789 1697 1829 gram-

315 1837 479 1882 maticas
518 1841 599 1880 sive
636 1840 909 1890 philologicas,
946 1853 992 1880 ex
1024 1840 1151 1881 medio
1187 1835 1279 1880 XVI
1314 1841 1487 1890 saeculo,
1524 1841 1564 1881 id
1592 1844 1653 1882 est
1680 1853 1700 1881 e

316 1904 540 1944 recensione
560 1902 606 1941 D.
627 1902 807 1942 Lambini
831 1903 918 1942 Par.
949 1907 989 1942 et
1007 1903 1131 1953 Lugd.
1150 1904 1263 1950 1564,
1291 1904 1343 1947 43
1377 1904 1417 1942 in
1444 1904 1570 1943 lucem
1596 1902 1702 1944 edita

316 1975 441 2018 usque
469 1966 518 2006 ad
538 1966 580 2006 C.
600 1964 849 2014 Lachmanni,
879 1966 945 2017 qui
971 1966 1112 2006 mentis
1140 1966 1281 2016 insigni
1304 1967 1479 2006 acumine
1503 1967 1542 2006 in
1571 1975 1699 2007 emen-

316 2024 443 2069 dando
479 2040 596 2078 opere
632 2040 764 2068 omnes
793 2029 1067 2068 antecedentes
1096 2029 1209 2077 longe
1246 2031 1490 2078 superaverit
1517 2031 1699 2078 editores,

317 2093 524 2133 editionem
552 2095 592 2132 et
620 2092 945 2132 Commentarium
973 2090 1101 2132 Berol.
1133 2092 1246 2140 1850,
1275 2093 1300 2131 2
1327 2090 1417 2132 voll.
1453 2091 1512 2134 SYP
1549 2090 1698 2143 saepis-

317 2151 413 2196 sime
441 2155 623 2195 recensiti
651 2162 696 2195 ac
715 2155 874 2195 tractati
902 2159 1011 2203 sunt;
1041 2158 1082 2194 at
1101 2155 1270 2195 nondum
1298 2156 1355 2194 uti
1381 2167 1454 2205 par
1481 2160 1541 2196 est
1560 2157 1698 2205 omnia,

318 2230 418 2270 quae
446 2218 590 2266 insunt,
619 2218 837 2267 disceptata
865 2220 905 2257 et
933 2217 1136 2257 enucleata
1165 2227 1251 2257 esse
1279 2220 1509 2268 argumenta
1536 2220 1700 2270 quisque

317 2281 484 2321 libenter
517 2280 782 2327 confitebitur,
827 2282 892 2331 qui
929 2282 968 2320 in
1005 2281 1288 2320 commentariis
1322 2282 1427 2321 locos
1464 2281 1699 2323 difficiliores

317 2344 517 2384 evolverit.
572 2344 726 2383 Primus
754 2344 837 2383 Pet.
867 2343 1092 2383 Gassendus
1120 2344 1416 2393 (1592—1645)
1445 2343 1536 2393 fuit,
1566 2345 1633 2395 qui
1659 2345 1699 2384 in

318 2407 573 2457 excogitando
608 2418 876 2446 universarum
921 2418 1051 2446 rerum
1090 2410 1300 2457 systemate
1339 2407 1498 2447 multam
1543 2408 1699 2447 navavit

317 2471 357 2511 in
383 2470 504 2519 libris,
534 2481 631 2521 quos
658 2472 889 2519 tractamus,
919 2478 1094 2520 operam,
1132 2480 1219 2509 cum
1246 2471 1458 2520 Epicurum
1485 2474 1526 2510 et
1551 2471 1697 2511 Lucre-

318 2531 415 2573 tium
444 2540 535 2573 suos
563 2533 647 2574 fere
674 2535 854 2574 auctores
882 2533 1041 2574 fecisset
1068 2542 1279 2584 eorumque
1307 2534 1532 2582 sententias,
1565 2535 1698 2584 paucis

318 2600 471 2638 tantum
497 2597 671 2646 mutatis,
701 2600 943 2648 sequeretur.
998 2596 1093 2637 Inde
1122 2596 1171 2637 ab
1198 2596 1271 2637 hoc
1299 2597 1381 2637 viro
1401 2606 1526 2648 usque
1550 2597 1600 2637 ad
1627 2597 1697 2637 hos
