1968 2859
1522 86 1584 126 fl

219 191 338 234 ἐστιν.
378 189 573 244 ποιότητα
604 191 679 247 γὰρ
711 196 823 232 πᾶσα
857 187 1114 243 μεταβάλλει,
1150 190 1192 232 αὶ
1226 191 1269 231 δὲ
1296 189 1438 242 ἄτομοι
1474 189 1590 232 οὐδὲν

216 263 547 317 μεταβάλλουσιν.
577 263 641 314 (cf.
669 263 719 303 ib.
746 264 827 310 44.)
882 265 965 312 Quo
993 264 1031 302 in
1059 263 1278 303 testimonio
1307 264 1399 313 quid
1426 263 1587 302 sibive-

217 339 290 378 lint
315 338 453 377 verba:
488 339 555 377 καὶ
582 337 657 378 ὅσα
683 336 727 383 ἐξ
746 335 917 389 ἀνάγκης
944 334 1114 389 σχήματι
1139 326 1308 391 Ισυμφυῆ
1333 338 1440 378 ἐστιν
1467 349 1514 376 ex
1540 337 1586 376 il-

217 411 277 460 lis,
305 422 405 462 quae
433 410 480 450 de
500 410 616 449 variis
635 412 847 450 atomorum
867 409 1000 460 figuris
1021 410 1209 459 dicentur,
1229 410 1436 459 aperietur.
1465 410 1586 450 Porro

217 496 347 524 omnes
377 485 601 534 qualitates,
640 495 736 534 quas
770 484 809 522 in
841 484 956 524 rebus
985 485 1173 524 concretis
1201 484 1415 533 videamus,
1449 486 1585 524 atomis

217 568 294 597 non
319 556 459 604 inesse,
488 557 600 596 docet
635 556 659 596 l.
686 567 717 596 c.
747 557 815 596 68:
855 556 979 609 „duci
1011 557 1090 609 μὴν
1123 559 1188 597 καὶ
1224 557 1272 596 τὰ
1308 553 1487 609 σχήματα
1520 559 1586 598 καὶ

216 631 265 671 τὰ
291 626 480 685 χρώματα
507 632 572 670 καὶ
599 630 649 669 τὰ
674 623 822 682 μεγέθη
854 632 919 670 καὶ
946 630 995 670 τὰ
1021 627 1148 684 βάρεα
1166 631 1232 670 καὶ
1259 629 1318 670 ὅσ’
1344 629 1445 670 ἄλλα
1470 647 1587 683 κατη-

218 707 397 759 γορεῖται
423 708 495 744 τοῦ
521 699 714 754 σώματος,
743 702 883 750 effigurat
917 700 1195 755 συμβεβηκότα
1224 701 1249 755 ἢ
1283 708 1407 744 πᾶσιν
1444 702 1469 755 ἢ
1503 708 1588 750 τοῖς

216 776 376 831 ὁρατοῖς
403 777 468 816 καὶ
496 776 595 816 κατὰ
622 777 692 828 τὴν
711 778 901 828 αἴσθησιν
929 776 1051 829 αὐτὴν
1077 780 1277 827 γνωστοῖς,
1305 775 1396 816 οὔθ’
1414 775 1469 823 οἷς
1495 776 1588 817 καθ’

215 845 359 896 ἑαυτάς
377 848 455 890 εἰσι
483 845 626 904 φύσεις
653 847 873 896 δοξαστέον·
902 848 950 890 ου’
976 849 1051 902 γὰρ
1076 849 1241 890 δυνατὸν
1259 848 1470 902 ἐπινοῆσαι
1496 855 1584 889 τοῦ-

215 924 296 962 ‘cof‘
325 922 372 961 cf.
403 922 506 961 Sext.
535 923 644 971 Emp.
674 924 759 961 adv.
787 923 904 961 math.
933 922 997 962 fol.
1026 923 1114 961 616.

320 994 646 1033 Praecedentibus
675 995 875 1033 sententiis
899 995 1090 1044 Epicurus
1117 995 1231 1045 plane
1259 1007 1344 1034 cum
1363 995 1585 1035 Democrito

216 1068 429 1115 consentit;
470 1068 603 1107 eadem
632 1069 732 1106 enim
759 1069 908 1107 ratione
944 1069 1019 1106 iam
1054 1072 1168 1107 antea
1194 1069 1438 1108 Democritus
1475 1080 1586 1108 omne

216 1144 431 1180 atomorum
459 1140 663 1180 discrimen
696 1141 735 1179 in
770 1141 877 1180 varia
909 1139 1035 1191 figura
1060 1141 1399 1191 magnitudineque
1425 1152 1586 1191 ponens,

216 1216 366 1252 ceteras
409 1213 455 1251 de
499 1214 545 1251 iis
589 1213 796 1262 qualitates
831 1217 1052 1262 negaverat.
1091 1213 1137 1252 cf.
1173 1214 1338 1252 Brandis
1372 1226 1459 1263 pag.
1496 1215 1585 1253 303.

219 1287 331 1335 Quod
367 1287 400 1325 si
426 1287 619 1335 Epicurus
656 1286 811 1325 tertium
850 1286 1054 1325 discrimen
1087 1287 1268 1325 statuerit
1301 1290 1515 1326 atomorum
1549 1288 1587 1326 in

219 1359 409 1408 pondere,
445 1358 517 1398 hoc
544 1359 763 1398 necessario
799 1370 846 1397 ex
879 1358 1033 1398 diversa
1066 1370 1197 1398 earum
1224 1359 1486 1408 magnitudine
1515 1360 1585 1398 du-

217 1432 381 1472 cendum
423 1436 499 1481 est,
537 1433 592 1471 ita
627 1437 670 1471 ut
705 1444 747 1471 re
783 1444 876 1471 vera
910 1444 986 1471 non
1026 1432 1099 1471 nisi
1143 1433 1217 1471 duo
1260 1436 1407 1472 tantum
1450 1433 1586 1473 discri-

216 1506 318 1545 mina
345 1506 531 1546 docuerit.
586 1507 672 1545 Non
709 1517 821 1546 secus
854 1506 1098 1546 Democritus
1135 1506 1457 1547 immutabilitatis
1494 1519 1585 1547 cau·

196 1590 303 1622 ,sam
332 1572 563 1618 soliditatem
594 1590 679 1618 esse
707 1579 908 1619 docuerat:
937 1580 984 1618 D.
1013 1580 1056 1627 L,
1085 1580 1153 1628 IX,
1180 1580 1232 1618 44
1258 1579 1382 1619 hisce:
1418 1579 1588 1632 „dn-ath}

212 1654 283 1693 ruoci
321 1651 567 1694 ἀναλλοίωτα
600 1652 669 1692 διὰ
702 1652 771 1703 τήν
805 1651 1079 1707 στερρότητα.“
1133 1656 1186 1691 At
1223 1652 1354 1702 Simpl.
1382 1653 1430 1691 ad
1466 1654 1584 1693 Arist.

216 1724 326 1775 phys.
355 1724 420 1763 fol.
449 1725 525 1764 216
553 1725 610 1763 ita
636 1725 846 1764 Democriti
873 1726 1088 1765 doctrinam
1115 1726 1311 1774 describit,
1348 1738 1392 1765 ae
1420 1727 1454 1764 si
1482 1725 1586 1767 ἅπα-

212 1798 332 1839 &lav
359 1798 490 1841 αἰτίαν
516 1803 588 1839 τοῦ
614 1798 668 1850 μῆ
690 1798 922 1852 διαίρεσθαι
942 1799 1138 1847 docuerit;
1167 1810 1298 1840 vocem
1323 1804 1453 1839 autem
1479 1799 1585 1841 ἅπαᾼ

215 1872 333 1914 θείαν
366 1871 438 1911 hoc
474 1872 558 1911 loco
591 1871 685 1912 nihil
721 1871 796 1910 nisi
823 1872 1171 1913 immutabilitatem
1206 1871 1441 1922 significare,
1478 1878 1584 1914 recte

215 1945 377 1984 adnotat
404 1944 634 1984 Mullachius
660 1956 748 1994 pag.
777 1945 864 1984 379.
917 1945 1095 1995 Denique
1128 1946 1246 1984 Arist.
1281 1947 1329 1985 de
1366 1947 1473 1986 coelo
1501 1948 1531 1996 I,
1561 1948 1582 1987 ’ἶ

216 2018 363 2058 verbis:
400 2015 492 2071 “triv
527 2019 568 2058 δὲ
605 2015 727 2073 φύσιν
764 2016 866 2059 εἶναι’
897 2034 996 2073 φασι
1036 2020 1155 2071 (Λημ.
1183 2021 1250 2061 καὶ
1276 2019 1418 2071 Aetia.)
1455 2021 1585 2063 αὐτῶν

216 2094 322 2143 μίαν,
350 2092 485 2146 ὥσπερ
520 2092 566 2132 ἂν
602 2092 638 2131 εἰ
671 2093 816 2146 χρυσὸς
842 2093 1005 2133 ἕκαστον
1032 2096 1088 2144 εἴη
1121 2096 1433 2147 κεχωρισμένον(
1461 2100 1583 2135 mate-

217 2166 311 2205 riam
341 2166 442 2205 omni
469 2166 656 2216 qualitate
685 2177 818 2205 carere
843 2164 1008 2205 affirmat
1027 2165 1234 2206 Democriti
1263 2168 1504 2210 sententiam.
