1968 2859
1513 118 1565 159 ὣ

190 223 239 262 de
267 233 352 272 gen.
383 225 423 262 et
448 223 517 261 int.
545 222 693 262 verbis:
722 222 850 263 καίτοι
878 220 1097 277 βαρύτερόν
1124 237 1166 274 γε
1194 222 1294 263 κατὰ
1320 222 1390 275 τὴν
1418 221 1563 277 ὑπερο-

189 293 261 347 χήν
288 310 412 349 φησιν
440 292 543 336 εἶναι
571 283 821 350 Δημόκριτος
848 296 1011 336 ἕκαστον
1037 301 1115 336 τῶν
1143 295 1394 351 ἀδιαιρέτων.
1450 296 1562 335 Simi-

191 369 281 408 liter
315 369 497 419 leguntur
533 369 572 407 in
607 368 800 418 Theophr.
834 370 927 423 περὶ
964 366 1194 421 αἰσθήσεως
1222 370 1269 409 61
1299 370 1414 410 hacc:
1456 367 1569 424 βάρυ

192 443 262 494 μὲν
290 442 360 487 οὐν
387 443 454 482 καὶ
482 447 633 496 κοῦφον
660 447 716 493 τῷ
742 443 906 494 μεγέθει
935 443 1087 497 διαιρεῖ
1112 439 1374 497 Δημόκριτος.
1413 443 1463 483 Εἰ
1489 443 1563 497 γὰρ

193 516 423 570 ὃιακριθείη
451 514 493 556 ἓν
521 516 682 557 ἕκαστον
709 520 788 556 τῶν
815 515 989 567 ἀμίκτων
1017 516 1071 566 (εἰ
1098 518 1162 557 καὶ
1191 517 1291 557 κατὰ
1318 522 1449 569 σχῆμα
1477 517 1565 556 δια-

192 590 344 643 φέρει),
385 595 571 640 σταθμοῦ
607 588 654 630 ἂν
687 589 754 630 ἐπὶ
791 590 954 641 μεγέθει
989 590 1060 641 τήν
1093 586 1216 644 φύσιν
1250 589 1367 640 ἔχειν·
1403 590 1451 630 ov’
1488 590 1566 642 μὴν

193 662 278 703 ἄλλ’
315 662 355 703 ἔν
390 679 433 714 γε
461 668 546 709 τοῖς
572 668 730 713 μικτοῖς
767 661 1008 717 κουφότερον
1049 662 1096 703 ἂν
1125 660 1228 703 εἶναι
1256 663 1300 703 τὸ
1328 664 1449 704 πλέον
1477 662 1566 714 ἔχον

194 734 316 784 κενόν,
344 734 563 790 βαρύτερον
590 737 634 775 δε
661 736 705 776 τὸ
733 735 929 776 ἐλωῑτον.“
984 737 1090 783 Quae
1118 736 1173 775 ita
1200 736 1396 785 intelligo:
1439 736 1566 775 Grave

196 813 236 848 et
262 809 640 857 levefmagnitudine
668 809 872 858 distinguit
889 808 1153 856 Democritus;
1183 809 1215 846 si
1243 809 1341 847 enim
1369 820 1567 859 unaquae-

194 894 269 931 que
296 885 447 921 atomus
476 880 535 932 (ἓν
562 881 727 922 ἕκαστον
754 887 831 922 τῶν
851 881 1041 932 ἀμίκτων)
1070 882 1323 929 discernatur,
1352 882 1391 920 id
1411 885 1471 921 est
1497 893 1569 931 per

194 965 235 993 se
265 955 560 1003 contempletur,
589 955 694 993 illam
721 954 864 993 habere
891 955 1074 1003 ponderis
1097 958 1279 993 -naturam
1308 955 1346 992 in
1373 955 1567 1004 magnitu-

195 1028 283 1067 dine
319 1028 379 1067 vel
413 1028 676 1078 magnitudine
712 1028 794 1067 sola
831 1028 1028 1067 contendit
1063 1028 1326 1077 philosophus.
1382 1029 1467 1076 Qua
1502 1041 1565 1068 ra-

194 1102 297 1140 tione
326 1102 429 1142 clare
458 1102 676 1141 illustratur
695 1102 886 1140 sententia
914 1102 1112 1151 opposita:
1145 1102 1206 1153 „in
1234 1102 1363 1160 mixtis
1392 1108 1566 1152 (concre-

196 1176 261 1225 tis)
291 1187 354 1214 res
383 1176 496 1214 aliter
533 1187 574 1214 se
608 1175 743 1223 habet,
786 1187 872 1214 nam
900 1176 938 1213 in
965 1175 1025 1213 his
1053 1186 1123 1224 pro
1151 1175 1320 1214 admixto
1347 1176 1452 1214 inani
1478 1176 1566 1225 plus

193 1249 367 1287 minusve
395 1248 575 1297 ponderis
604 1249 882 1287 aestimandum
912 1237 1007 1287 est.'“
1075 1248 1221 1295 Quibus
1248 1249 1288 1286 in
1316 1248 1443 1287 verbis
1471 1249 1566 1288 haec

194 1325 255 1361 est
282 1322 506 1361 antithesis:
549 1322 586 1360 in
615 1322 803 1361 concretis
823 1322 939 1360 rebus
968 1334 988 1361 e
1008 1321 1272 1370 magnitudine
1300 1322 1473 1370 pondera
1500 1333 1565 1360 ae·

195 1395 351 1433 stimare
388 1406 463 1433 non
505 1406 656 1444 semper
692 1395 802 1443 licet,
845 1395 935 1444 quia
970 1395 1125 1444 saepius
1167 1395 1317 1433 minora
1358 1395 1569 1434 maioribus

194 1469 340 1508 maiora
358 1468 502 1507 habent
528 1468 711 1518 pondera,
740 1469 780 1506 in
808 1469 946 1507 atomis
965 1480 1058 1508 vero
1077 1469 1341 1518 magnitudine
1360 1469 1446 1518 ipsa
1471 1480 1567 1518 pon·
1609 1453 1617 1461 ’

195 1544 266 1582 dus
296 1543 547 1582 constitutum
576 1546 647 1581 est.
675 1565 727 1570 —
755 1543 861 1589 Quae
897 1543 975 1592 iam
1011 1543 1128 1581 Arist.
1158 1546 1198 1581 et
1226 1543 1417 1592 Theophr.
1456 1543 1567 1581 testi-

193 1617 321 1656 monia
349 1617 567 1664 citavimus,
604 1616 742 1655 deinde
778 1616 997 1665 proprietas
1033 1628 1056 1654 a
1083 1616 1305 1656 Democrito
1333 1617 1470 1656 atomis
1498 1616 1567 1655 ad-

193 1690 340 1729 tributa
369 1690 503 1739 (Arist.
539 1690 586 1728 de
614 1701 700 1738 gen.
729 1692 769 1728 et
795 1690 863 1728 int.
892 1689 922 1737 I,
951 1690 992 1739 8)
1022 1691 1193 1744 πλῆρες,
1221 1690 1460 1745 παμπλῆρες
1488 1691 1569 1730 sive

194 1764 454 1814 παμπλῆθες,
489 1762 654 1812 denique
682 1762 795 1810 illud,
833 1773 880 1801 ex
906 1762 1024 1801 nihilo
1058 1762 1163 1810 nihil,
1195 1764 1290 1802 satis
1318 1763 1483 1812 probare
1511 1763 1568 1801 vi-

195 1837 352 1885 dentur,
384 1836 592 1875 Stobaeum
620 1836 689 1876 ecl.
717 1835 828 1886 phys.
857 1836 935 1876 348
964 1840 1004 1876 et
1033 1837 1292 1876 Alexandrum
1320 1837 1490 1887 Aphrod.
1519 1837 1569 1876 ad

195 1910 313 1949 Arist.
341 1913 430 1950 met.
458 1922 546 1959 pag.
577 1911 626 1949 14
653 1910 914 1959 discrepantia
942 1914 981 1949 et
1017 1911 1323 1950 contradicentia
1350 1911 1570 1950 testimonia

197 1983 403 2024 afferentes
431 1996 506 2024 non
525 1996 686 2033 merere,
716 1984 855 2034 quibus
874 1985 1087 2025 auctoritas
1107 1985 1351 2025 concedatur.
1382 1985 1428 2026 cf.
1444 1985 1569 2025 Bran-

197 2058 255 2097 dis
283 2069 369 2107 pag.
397 2059 486 2106 312,
515 2058 695 2098 Mullach.
724 2071 760 2108 p.
789 2060 877 2098 381.
935 2058 1010 2098 Sed
1045 2060 1248 2098 redeamus
1286 2071 1386 2098 nunc
1414 2060 1463 2098 ad
1490 2060 1569 2098 Lu-

195 2133 368 2181 cretium,
397 2133 671 2183 videamusque
695 2145 793 2184 quae
813 2134 861 2173 de
890 2137 1104 2173 atomorum
1123 2138 1230 2178 motu
1259 2134 1446 2174 docuerit.
1485 2134 1568 2182 Quo

196 2206 321 2246 iudice
359 2207 495 2255 atomi,
533 2218 752 2257 quanquam
788 2210 946 2246 aeterno
981 2218 1002 2245 e
1040 2211 1212 2257 tempore
1250 2208 1372 2246 omnis
1400 2207 1502 2246 inter
1529 2218 1572 2246 se

197 2282 504 2320 commutationis
525 2284 715 2330 expertes,
744 2282 850 2320 nulla
870 2293 1024 2331 quoque
1043 2283 1081 2320 vi
1100 2285 1260 2321 externa
1278 2281 1449 2329 affectae,
1471 2293 1571 2321 sem-

195 2366 266 2404 per
285 2355 323 2393 in
343 2354 475 2394 eodem
498 2366 574 2404 quo
602 2357 693 2393 sunt
719 2357 824 2394 statu
852 2358 1019 2403 manent,
1048 2358 1176 2394 tamen
1204 2366 1327 2405 usque
1355 2358 1570 2403 moventur,

198 2440 245 2468 ne
273 2432 397 2468 totum
425 2430 646 2468 universum
674 2429 908 2467 inertissimo
936 2431 1094 2477 torpore
1123 2429 1314 2477 rigescat*
1359 2430 1442 2476 Quo
1471 2429 1573 2468 circa

195 2503 226 2552 I,
254 2504 328 2544 951
358 2504 606 2542 inveniuntur
632 2514 767 2542 versus
795 2502 853 2541 hi:
