1968 2859
5 68 9 71 ,
0 20 10 51 trs*
0 0 10 13 τ’

448 670 700 772 Priusquam
728 723 969 772 propositum
997 726 1170 763 nostrum
1195 723 1454 773 aggredimur,
1484 726 1564 763 tres
1586 724 1717 764 statim

339 795 513 836 Lucretii
540 795 749 845 Epicurive
777 797 993 836 sententiae
1021 796 1202 836 videntur
1230 797 1490 847 explicandae,
1518 798 1642 848 prima
1669 794 1717 837 de

340 868 433 916 diis,
471 872 664 919 quatenus
691 869 746 908 illi
774 870 813 909 in
842 870 1017 910 doctrina
1044 871 1092 910 de
1121 882 1251 910 rerum
1277 874 1418 910 natura
1443 870 1538 910 nihil
1566 871 1718 910 omnino

340 943 512 990 valeant,
551 943 676 982 altera·
712 944 760 983 de
797 945 966 992 ratione,
1004 956 1081 994 qua
1114 944 1369 994 cognoscendi
1403 945 1719 994 intelligendique

338 1013 503 1056 facultas
532 1016 748 1057 hominibus
776 1016 861 1065 fiat,
892 1018 1010 1058 tertia
1037 1018 1188 1058 demum
1217 1018 1264 1058 de
1293 1029 1441 1058 summo
1467 1018 1719 1069 Physieorum

338 1090 549 1139 principio:
595 1091 678 1142 „Ex
706 1091 825 1131 nihilo
854 1092 947 1131 nihil
974 1090 1059 1147 fieri
1086 1091 1253 1141 potest.“

444 1164 556 1211 Quod
601 1164 650 1203 ad
690 1165 852 1213 primam
896 1165 1129 1205 sententiam
1167 1168 1335 1215 spectat,
1356 1167 1359 1169 ’
1380 1161 1585 1204 Lucretius
1620 1165 1721 1204 inter

339 1238 432 1277 deos
462 1240 501 1277 et
527 1238 701 1278 homines
739 1247 949 1289 omnesque
977 1239 1073 1278 alias
1108 1248 1171 1278 res
1200 1241 1350 1278 tantum
1390 1239 1506 1279 docet
1532 1250 1619 1278 esse
1662 1238 1719 1277 di-

339 1311 523 1359 scrimen,
559 1314 604 1351 ut
631 1305 726 1350 nihil
755 1312 908 1351 omnino
937 1312 983 1351 iis
1012 1312 1173 1352 invicem
1202 1312 1254 1351 sit
1281 1316 1496 1360 commune,
1524 1311 1630 1351 nulla
1657 1322 1720 1351 so-

337 1385 471 1434 cietas,
501 1379 607 1426 nulla
634 1379 814 1426 conditio.
860 1386 958 1426 Sunt
987 1386 1141 1437 quidem
1168 1384 1235 1426 illo
1263 1384 1389 1426 iudice
1417 1384 1482 1434 dii,
1511 1385 1619 1425 velut
1645 1385 1721 1426 iam

336 1459 517 1498 carminis
557 1460 728 1507 initium,
769 1460 973 1509 praeclara
999 1460 1164 1499 Veneris
1200 1460 1407 1507 invocatio,
1444 1459 1605 1508 probat,
1649 1460 1718 1499 sed

337 1544 463 1583 neque
490 1533 674 1573 mundum
702 1532 879 1574 fecerunt
897 1545 1023 1583 neque
1051 1536 1211 1583 regunt3
1239 1533 1355 1572 immo
1383 1532 1434 1572 ab
1461 1532 1563 1572 omni
1590 1516 1719 1572 rerum

337 1605 610 1655 hominumque
645 1607 784 1655 cura*)
823 1607 949 1645 securi
981 1607 1100 1645 vitam
1132 1607 1279 1655 degunt
1314 1606 1583 1655 tranquillam;
1628 1606 1719 1655 quin

338 1679 454 1720 etiam
489 1692 537 1720 ne
581 1680 677 1720 satis
716 1679 869 1730 quidem
906 1683 1086 1731 potentes
1116 1683 1223 1729 sunt,
1276 1680 1341 1730 qui
1376 1683 1515 1730 regant
1546 1680 1719 1720 immensi

338 1765 545 1793 summam:
581 1787 586 1790 ,

336 1840 383 1885 11,
410 1841 520 1877 1095:
570 1840 685 1885 „Quis
710 1851 839 1886 regere
864 1841 1028 1876 immensi
1053 1851 1237 1886 summam,
1272 1840 1354 1886 quis
1385 1840 1523 1875 habere
1548 1838 1720 1885 profundi

571 1898 683 1944 „indu
708 1909 816 1934 manu
840 1897 984 1933 validas
1008 1898 1104 1943 potis
1130 1899 1185 1933 est
1209 1897 1440 1933 moderanter
1464 1896 1654 1933 habenas?

443 1976 611 2016 Proinde
651 1977 844 2027 „mundus
880 1977 991 2015 nimis
1029 1979 1110 2015 stat
1142 1970 1320 2025 praedita
1358 1975 1502 2025 culpa“
1543 1976 1593 2023 ΙΙ,
1633 1976 1719 2023 181,

337 2060 452 2099 quam
481 2050 547 2098 qui
575 2050 736 2089 deorum
764 2061 883 2098 opere
912 2050 1145 2089 constitutus
1180 2050 1241 2088 sit.
1286 2048 1332 2088 cf.
1361 2049 1391 2097 Ι,
1424 2049 1518 2096 150;
1549 2049 1594 2097 V,
1625 2049 1719 2095 1953

400 2239 429 2280 *)
462 2240 491 2272 E
515 2239 680 2272 Laetantii
703 2238 744 2272 de
768 2238 819 2271 ira
841 2238 895 2271 dei
918 2248 990 2280 cap.
1013 2238 1034 2271 4
1056 2242 1238 2271 memoratu
1260 2237 1369 2283 mgna,
1394 2237 1513 2279 quibus
1535 2238 1597 2271 hac
1620 2237 1661 2270 de
1684 2247 1720 2270 re

462 2293 629 2333 Epicurus
658 2291 931 2333 reprehenditur,
964 2292 1117 2324 videntur
1138 2292 1235 2324 haec:
1277 2292 1378 2333 „Cum
1399 2295 1532 2332 putaret
1553 2291 1720 2332 Epicurus

464 2345 632 2386 „alienum
653 2354 727 2376 esse
751 2354 771 2375 a
792 2344 865 2384 deo,
888 2344 1008 2375 malum
1031 2344 1140 2375 facere
1164 2348 1264 2384 atque
1286 2353 1407 2376 noc-ere
1433 2343 1519 2384 quod
1543 2343 1578 2375 in
1600 2343 1721 2376 affectu

462 2396 676 2439 „iracundiae
698 2396 893 2437 plerumque
923 2396 1087 2437 nascitur,
1116 2396 1240 2429 ademit
1267 2395 1306 2428 ei'
1327 2396 1426 2428 etiam
1458 2395 1721 2437 beneficentiam,

462 2450 639 2492 „quoniam
668 2448 812 2489 videbat,
835 2458 1043 2490 consequens
1069 2458 1153 2490 esse,
1187 2453 1224 2481 ut
1246 2449 1274 2481 si
1295 2448 1418 2481 habeat
1440 2448 1522 2481 iram
1544 2449 1636 2489 deus,
1662 2449 1720 2481 ha-

462 2502 561 2543 „beat
584 2506 618 2534 et
639 2501 787 2542 gratiam.
825 2502 940 2541 Itaque
963 2511 1004 2533 ne
1028 2502 1077 2533 illi
1099 2502 1213 2533 vitium
1236 2501 1445 2541 concederet,
1468 2502 1567 2533 etiam
1589 2502 1720 2533 virtutis

461 2554 561 2595 „fecit
584 2553 786 2594 expertem.“
831 2553 872 2586 cf.
896 2554 994 2586 Lucr.
1018 2554 1061 2593 ΙΙ,
1084 2554 1145 2585 646
1169 2563 1260 2594 seqq.
