1968 2859
1551 129 1601 168 37

228 232 375 282 optime
403 232 615 273 doctrinam
643 235 793 280 tuetur,
831 244 878 272 ne
915 233 1002 283 quis
1030 233 1220 272 undenam
1247 233 1435 272 clinamen
1460 232 1528 272 fiat
1555 245 1602 273 ex

233 318 279 346 eo
307 309 480 356 quaerat,
508 306 547 344 id
576 307 679 355 quod
707 307 841 345 Cicero
870 306 1030 345 eandem
1055 306 1213 355 Epicuri
1241 307 1472 345 sententiam
1499 307 1601 345 vitu-

232 390 372 427 perans
399 379 524 416 minus
552 380 792 418 considerate
827 379 930 418 fecit.
993 379 1217 418 Clinaminis
1252 391 1344 418 vero
1370 379 1507 417 modus
1535 391 1601 418 ex-

233 452 336 492 sistit
366 451 536 503 „incerto
564 451 683 491 ferme
712 454 883 501 tempore
911 451 1145 502 incertisque
1173 452 1247 491 loci
1275 451 1424 501 spatiis,
1452 454 1613 491 tantum-

233 526 336 575 quod
369 537 519 563 momen
552 529 740 563 mutatum
774 526 901 564 dicere
928 525 1092 573 possis“‚
1134 530 1178 563 ut
1204 537 1324 573 supra
1349 526 1425 563 iam
1452 526 1601 564 monui-

231 611 328 638 111118.
358 600 464 647 Quae
484 600 541 637 vis
560 599 644 638 voci
662 598 907 650 .„incertum“
937 599 1009 639 hoc
1031 599 1115 638 loco
1143 598 1348 638 tribuenda
1374 599 1436 647 sit,
1464 599 1503 638 in
1529 599 1600 638 du-

231 672 295 711 bio
323 683 409 711 esse
436 675 583 722 potest,
617 682 705 710 nam
730 672 771 710 81
790 683 925 711 versus
954 672 1004 720 ΙΙ,
1032 673 1213 712 243—45
1240 672 1419 722 respicis,
1452 673 1508 711 ita
1535 684 1601 711 ex-

231 748 448 796 plicandum
475 748 628 786 videtur
654 747 900 794 vocabulum,
938 751 982 785 ut
1017 746 1206 796 significet
1232 750 1384 796 tempus
1413 748 1599 796 spatium-

232 831 307 870 que
334 820 482 868 minus,
528 831 641 869 quam
679 820 782 869 quod
815 820 893 858 ullo
927 831 1086 858 numero
1122 819 1213 858 licet
1251 820 1405 858 minimo
1441 820 1601 859 indicari

230 894 374 943 possit;
412 894 468 932 rei
496 894 569 942 ipsi
598 904 750 943 quoque
778 893 898 942 magis
927 893 1081 932 videtur
1107 896 1425 940 consentaneum,
1454 894 1487 931 si
1514 892 1599 931 vul-

230 978 363 1016 garem
390 967 566 1006 vocabuli
602 967 813 1014 notionem,
852 967 947 1016 (qua
983 967 1145 1016 exempli
1173 978 1290 1005 causa
1317 967 1346 1014 Ι,
1375 966 1452 1005 594
1480 966 1599 1016 valet)

229 1040 440 1079 retinentes
468 1040 774 1088 explanationem
801 1039 1004 1078 fecerimus
1032 1040 1105 1086 ita,
1143 1042 1187 1077 ut
1221 1040 1408 1078 clinamen
1435 1038 1508 1077 fiat
1530 1050 1600 1087 per

227 1114 301 1152 loci
329 1114 589 1162 temporisque
617 1114 819 1152 intervalla
847 1114 919 1152 sibi
947 1113 1107 1152 invicem
1136 1113 1372 1162 inaequalia,
1401 1124 1500 1151 nunc
1527 1112 1599 1152 hoc

228 1198 328 1226 nunc
355 1187 420 1225 illo
448 1190 639 1235 tempore,
676 1187 788 1226 modo
815 1186 886 1226 hac
913 1187 1026 1225 modo
1054 1186 1120 1225 illa
1147 1186 1315 1235 regione.
1357 1185 1404 1225 cf.
1432 1186 1482 1234 II,
1510 1187 1598 1226 293.

228 1261 313 1309 Qua
350 1271 397 1299 ex
441 1260 759 1310 interpretatione
804 1272 896 1300 sane
942 1260 1096 1311 quidem
1141 1272 1204 1299 res
1240 1260 1366 1299 minus
1406 1264 1598 1299 monstro-

228 1345 268 1373 sa
307 1345 382 1373 non
419 1334 565 1381 evadit,
617 1345 731 1384 quam
771 1345 841 1383 per
886 1345 928 1372 se
977 1345 1129 1383 semper
1169 1336 1318 1381 manet,
1370 1334 1598 1383 praesertim

228 1419 314 1447 cum
346 1419 446 1446 nunc
481 1410 608 1446 motus
643 1407 745 1446 illius
779 1408 1019 1447 immoderati
1056 1418 1173 1446 causa
1209 1418 1451 1457 nequaquam
1479 1419 1598 1457 appa-

228 1484 331 1527 reat;
375 1480 551 1518 nimirum
585 1483 669 1519 tota
704 1481 752 1519 de
788 1481 989 1520 clinamine
1032 1481 1208 1520 doctrina
1248 1492 1332 1519 eam
1369 1484 1518 1518 tantum
1549 1480 1599 1519 ob

228 1564 383 1593 causam
412 1552 539 1592 efficta
567 1557 646 1601 est,
684 1557 727 1592 ut
755 1555 864 1603 quasi
893 1554 988 1593 deus
1017 1565 1063 1593 ex
1090 1554 1264 1593 machina
1291 1554 1403 1601 adsit,
1432 1565 1508 1603 quo
1535 1565 1598 1594 res

228 1639 275 1667 ex
302 1622 439 1666 atomss
467 1629 668 1666 concretae
696 1626 919 1676 probentur.

330 1702 411 1739 Iam
445 1701 573 1749 placet
608 1701 680 1739 hoc
714 1701 819 1748 loco,
861 1701 935 1739 etsi
972 1712 995 1739 a
1028 1703 1160 1739 nostro
1200 1701 1399 1750 proposito
1433 1700 1598 1739 alienum

227 1774 295 1822 sit,
328 1785 464 1813 versus
491 1774 682 1821 inserere,
718 1773 856 1823 quibus
885 1773 1087 1813 Lucretius
1116 1773 1277 1813 liberum
1304 1773 1466 1812 hominis
1493 1772 1597 1812 arbi·

187 1864 191 1872 =
227 1847 343 1885 trium
371 1849 698 1896 spontaneamque
726 1847 945 1886 animalium
964 1847 1140 1885 movendi
1161 1846 1434 1897 potestatem*)
1463 1847 1596 1886 eodem

225 1924 439 1961 atomorum
475 1921 675 1960 clinamine
709 1921 880 1960 adhibito
914 1921 1105 1968 illustrat,
1141 1932 1217 1970 quo
1252 1920 1386 1970 quanti
1417 1920 1599 1959 momenti

273 2120 303 2160 *)
346 2121 615 2152 Anti-Lucretius
639 2121 694 2160 IV,
716 2120 778 2152 245
801 2130 898 2160 seqq:

414 2173 573 2214 „Singula
595 2173 751 2205 donamus
775 2172 907 2204 deflecti
929 2172 1062 2205 semina.
1107 2172 1194 2212 Quid
1216 2173 1306 2203 tum?

415 2226 519 2267 „Hinc
541 2226 638 2258 homo
661 2225 747 2257 liber
770 2226 842 2265 erit⁷
865 2225 959 2258 dicis.
1004 2226 1094 2265 Quae
1117 2225 1234 2265 copula
1256 2226 1359 2257 nectit

415 2279 517 2321 „haec
541 2278 660 2311 effata?
703 2278 793 2310 Nihil
817 2278 913 2311 videt>
937 2278 1023 2319 quod
1046 2278 1183 2311 suadeat
1205 2288 1304 2310 unum

414 2342 475 2373 „ex
498 2332 562 2363 alio
584 2331 691 2362 nasci:
716 2332 794 2371 quin
818 2337 851 2363 et
872 2332 1038 2363 contraria
1060 2341 1171 2364 cerno.

413 2384 516 2425 „Nam
539 2385 567 2415 si
589 2383 757 2415 declinant
778 2384 878 2415 atomi
900 2393 960 2424 per
981 2384 1079 2415 inane
1103 2388 1258 2424 vagantes

413 2440 561 2477 „natura,
583 2436 726 2477 propriis
749 2439 782 2467 et
804 2436 930 2467 viribus
954 2446 992 2467 ac
1016 2436 1087 2468 81118
1114 2445 1224 2476 causa,

413 2488 601 2529 „declinant
622 2488 707 2528 ideo,
731 2488 808 2528 quia
830 2487 998 2520 declinare
1022 2498 1159 2520 necesse
1183 2494 1243 2521 est.

414 2541 500 2581 „Aut
523 2541 561 2580 si,
584 2540 660 2571 dum
682 2543 818 2571 currunt
839 2540 895 2579 ita,
917 2540 1071 2571 libertate
1094 2540 1257 2580 fruuntur,

413 2603 530 2635 „quam
552 2593 630 2625 dare
653 2592 850 2633 corporibus
872 2592 1001 2633 possint
1023 2592 1141 2625 exinde
1164 2593 1295 2632 creatis⁷
