1968 2859
231 257 235 262 .
339 244 341 247 .
373 218 565 262 Judieium
598 219 724 261 simile
755 219 922 269 videtur,
958 220 1076 270 quod
1091 220 1236 271 iegitur
1266 220 1308 262 in
1334 220 1433 262 nial.
1466 220 1520 263 de
1545 224 1644 261 orat.

268 285 379 332 23ς,
384 282 516 332 ‚Vobis
543 285 750 323 versantur
777 285 869 323 ante
896 283 1041 331 oeulos,
1072 283 1140 333 qai
1167 283 1356 328 Lucilium
1383 294 1454 333 pro
1481 283 1646 326 Ηοιιιιὶο

269 350 310 388 et
325 346 550 388 Lucretium
575 357 649 395 pro
671 345 833 395 Virgilio
860 345 1007 396 legunt
1009 348 1031 370 ‘⁴
1060 347 1112 386 At
1138 346 1232 388 nihil
1259 346 1399 396 prohat
1425 346 1498 396 nisi
1522 358 1644 398 qm-

272 410 360 449 dam
388 408 632 458 antiquitatis
659 408 951 451 admirationem
976 409 1159 458 ineptam,
1188 421 1265 459 qua
1283 410 1453 455 auctioris
1471 413 1646 496 tempere

270 472 381 513 multi
402 470 650 513 tenebantur.
666 471 704 521 *)

376 535 504 584 Quint.
532 534 622 578 inst.
658 546 714 576 or.
741 535 789 583 X,
817 535 847 583 I,
875 536 924 575 87
950 535 1176 580 Lucretium
1209 536 1322 585 longe
1350 536 1511 586 Virffllio
1545 536 1644 582 infe

271 598 411 644 liorem
440 608 527 639 esse
553 596 730 642 affimat.
767 597 971 651 Virgilium
998 598 1098 642 enim
1127 598 1293 651 primum
1318 602 1409 649 post
1434 598 1645 649 Homerum

272 665 404 706 tenere
432 661 560 705 locum
584 672 825 709 asseverans,
864 662 1048 710 „oeteri‚“
1082 662 1219 712 inquit,
1257 673 1413 711 „omnes
1440 662 1554 721 longe
1578 674 1644 711 se-

272 727 481 776 „quuntun
509 723 608 768 Nam
634 723 768 766 Macer
794 727 835 768 et
861 723 1065 775 Lucretius
1092 725 1246 776 legendi
1273 725 1439 775 quidem,
1471 725 1542 777 sed
1568 736 1645 775 uon

273 790 343 836 „ut
368 786 528 836 phrasin
555 786 594 831 id
622 790 683 826 est
718 788 859 839 ooipus
890 787 1134 838 eloquentiae
1169 786 1333 835 faciant3
1374 787 1573 839 elegantes
1601 788 1645 838 iu
1682 811 1684 813 ·

271 861 373 899 „sua
399 850 565 900 quisque
590 851 767 898 materia,
796 850 865 891 sed
893 850 993 894 alter
1019 850 1185 899 humilis,
1213 842 1314 893 alter
1341 849 1544 893 difficilis.“
1567 850 1645 899 Cui
1688 854 1692 859 '

272 912 415 957 iudicio
438 912 585 963 ,duplex
613 913 826 958 enuntiatio
844 913 957 965 inest,
987 913 1122 961 altera,
1141 913 1311 959 Lucretii
1325 924 1464 965 poema
1490 912 1645 965 §ifficiie

270 986 368 1024 esse,
406 975 509 1027 quod
536 975 584 1021 de
610 976 741 1019 multis
770 976 882 1015 dictis
910 975 1196 1020 obscurioribus
1233 987 1326 1031 sane
1353 976 1645 1026 intelligendum

272 1038 437 1088 videtur,
475 1039 609 1087 altera,
640 1039 801 1089 elegans
828 1051 954 1090 neque
980 1039 1123 1084 humile
1152 1050 1238 1091 esse
1265 1051 1429 1087 carmen,
1467 1039 1569 1091 quod
1594 1039 1646 1087 de

274 1112 449 1140 sermone
476 1102 573 1150 ipso,
612 1102 678 1150 qui
712 1103 864 1140 omnino
901 1102 996 1140 satis
1028 1113 1267 1149 numerosus,
1304 1102 1480 1150 pluribus
1514 1106 1646 1148 autem

272 1163 366 1207 locis
395 1163 456 1203 vel
484 1164 600 1208 altius
628 1164 810 1214 assurgit,
839 1164 1105 1216 explicandum
1133 1167 1327 1211 est;11am
1351 1164 1390 1204 in
1408 1165 1645 1221 argumentis

272 1227 368 1280 ipsis
396 1238 521 1276 neque
551 1231 735 1271 venustas
762 1238 888 1276 neque
917 1227 1120 1276 elegantia,
1149 1226 1286 1275 quibus
1305 1238 1442 1281 poema
1462 1228 1645 1282 eloquen-

272 1289 351 1338 tiae
376 1289 623 1340 praeceptori
651 1300 693 1328 se
721 1288 972 1337 commendet,
1008 1289 1171 1330 inveniri
1197 1292 1371 1338 possunt.
1406 1311 1459 1316 —
1486 1289 1646 1333 Ovidius

271 1352 436 1402 denique
464 1353 546 1393 Am.
575 1352 605 1399 Ι,
636 1353 696 1400 15,
726 1352 776 1391 23
799 1352 1160 1403 ⁴praestantissimos
1188 1351 1424 1396 Graecorum
1452 1351 1644 1398 Romano-

271 1424 433 1463 rumque
458 1417 596 1463 poetas
625 1425 866 1462 enumerans,
894 1414 1130 1461 Lucretium,
1160 1424 1273 1463 quem
1291 1414 1338 1452 iis
1357 1414 1504 1463 inserit,
1533 1416 1648 1463 vocat

273 1476 536 1526 „sublimem“,
564 1488 663 1527 quae
700 1488 774 1516 vox
800 1476 934 1521 humili
963 1476 1141 1532 opposita
1167 1475 1389 1519 Lucretium
1417 1476 1514 1521 alios
1542 1477 1645 1522 eius-

273 1539 359 1584 dem
387 1539 539 1589 generis
563 1542 702 1589 poetas
730 1540 873 1579 virtute
893 1550 1098 1589 superasse
1118 1543 1224 1579 certe
1242 1539 1398 1587 indicat,
1427 1551 1647 1596 quanquam

272 1615 293 1643 e
327 1602 413 1643 loco
448 1603 533 1652 ipso
565 1602 815 1657 ‘perspicuum
856 1614 933 1642 non
967 1605 1037 1651 est,
1079 1606 1209 1642 utrum
1243 1601 1327 1641 laus
1364 1601 1431 1648 illa
1467 1602 1646 1647 ceraunis

271 1666 418 1709 formae
459 1677 508 1705 an
542 1669 769 1718 argumento
806 1665 1011 1705 tribuatur.
1075 1665 1183 1705 Haec
1217 1665 1358 1704 iudicia
1392 1670 1565 1706 veterum
1598 1665 1646 1710 de

271 1728 456 1772 Lucretio
482 1728 691 1778 praecipua
718 1728 969 1777 videbantur3
996 1728 1110 1781 plura
1136 1729 1294 1772 minoris
1309 1728 1495 1782 momenti
1514 1728 1645 1773 videas

270 1792 310 1832 in
329 1790 571 1836 Wakefieldii
599 1791 766 1831 editione
786 1791 980 1842 Glasguae
1009 1792 1121 1839 1813,
1135 1792 1187 1833 83
1222 1795 1312 1835 tom.
1338 1792 1368 1840 Ι,
1388 1803 1476 1842 pag.
1496 1791 1645 1838 XXVII

273 1866 380 1907 seqq.
408 1876 462 1882 —
488 1858 528 1893 et
554 1855 593 1894 in
619 1855 877 1906 Havercampi
905 1855 1072 1897 editione
1107 1854 1230 1904 Lugd.
1260 1855 1346 1895 Bat.
1376 1855 1489 1903 1725,
1518 1855 1543 1897 2
1571 1855 1645 1899 vol.

271 1918 320 1959 43
356 1920 446 1959 tom.
474 1917 505 1967 Ι,
532 1919 623 1971 post
647 1916 918 1968 praefationes.

274 2056 303 2098 *)
328 2056 363 2093 Si
386 2056 451 2089 vim
473 2064 681 2102 sensumque,
711 2064 808 2096 quem
828 2063 889 2097 pro
911 2059 1067 2092 contextu
1086 2055 1141 2087 his
1164 2055 1274 2088 verbis
1296 2055 1411 2091 indere
1440 2055 1560 2097 possiS,
1588 2056 1646 2094 tri·

399 2109 484 2150 buis,
506 2118 573 2141 non
596 2108 676 2141 satis
700 2117 740 2141 ea
760 2108 872 2140 valere
894 2108 1058 2149 videntur,
1089 2112 1125 2142 ut
1145 2108 1295 2140 Lucretii
1325 2116 1442 2150 poema
1463 2108 1516 2141 his
1538 2109 1647 2150 magni

399 2161 620 2194 existimatum
642 2169 806 2194 censeam.
828 2161 913 2192 Nam
924 2160 1055 2192 acerbis
1077 2160 1208 2192 facetiis
1229 2161 1253 2192 ii
1274 2166 1463 2201 carpuntur,
1486 2161 1542 2200 qui
1564 2161 1646 2192 anti-

399 2214 533 2255 quitatis
555 2212 664 2246 studio
687 2213 775 2254 capti
795 2212 877 2245 nihil
899 2212 967 2245 nisi
995 2212 1165 2254 antiquum
1194 2212 1315 2245 bonum
1341 2212 1499 2253 iudicant,
1527 2218 1647 2254 amant,

398 2266 610 2300 admirantur.
641 2265 705 2305 Qui
725 2266 831 2307 inepti
852 2265 1059 2306 antiquitatis
1081 2269 1255 2306 amatores,
1286 2266 1372 2298 siout
1393 2265 1531 2301 Horatio
1553 2274 1647 2307 prae,

398 2319 511 2357 ferunt
538 2318 714 2359 Lucilium,
748 2317 834 2359 quod
860 2318 916 2351 hio
944 2318 1114 2358 vetustior,
1151 2328 1336 2360 quanquam
1364 2318 1436 2357 eins
1464 2318 1585 2356 satirae
1612 2323 1649 2355 et

399 2381 550 2410 sermone
578 2371 707 2413 graecis
736 2371 872 2406 vocibus
899 2371 1003 2405 mixto
1030 2371 1204 2412 minusque
1234 2370 1406 2406 emendato
1435 2374 1470 2407 et
1495 2370 1647 2411 versibus

398 2425 604 2472 negligenter
636 2424 826 2466 compositis
857 2423 989 2456 Horatii
1019 2423 1134 2456 virtuti
1166 2428 1263 2465 atque
1295 2423 1518 2464 praestantiae
1550 2423 1647 2472 longe

399 2477 530 2517 cedunt,
560 2477 661 2509 simili
682 2477 811 2509 ratione
832 2476 1026 2508 Lucretium
1054 2484 1115 2516 pro
1137 2476 1278 2516 Virgilio
1304 2476 1428 2516 legunt,
1455 2485 1522 2507 non
1551 2485 1589 2507 ac
1618 2475 1647 2507 si

394 2530 572 2565 Lucretiuu
595 2524 769 2572 Virgilium
796 2528 865 2563 ullo
893 2527 990 2563 modo
1017 2532 1163 2572 superet,
1193 2527 1253 2562 sed
1284 2527 1371 2570 quod
1398 2527 1471 2570 ipse
1496 2533 1645 2570 tempore

395 2584 504 2617 maior
523 2584 634 2616 verbis
657 2583 851 2624 saepissime
873 2582 977 2621 utitur
997 2582 1188 2615 obsoletis.-

1344 2635 1363 2673 1
1377 2634 1398 2657 *
