1968 2859
340 162 443 203 insts
459 162 538 212 ΠΙ,
560 163 622 213 17,
651 162 791 203 deinde
819 162 1037 204 cardinalis
1064 163 1115 204 de
1146 163 1329 214 Polignac
1360 153 1720 216 „Anti-Lucretium

342 226 425 266 sive
443 227 491 266 de
517 227 592 266 deo
620 230 671 277 et,
687 229 865 276 natura,“
893 227 979 267 libr.
1006 227 1076 274 IX,
1096 227 1255 266 Amstel.
1284 228 1406 276 1748,
1440 229 1510 270 8’.9’
1527 238 1719 268 commen-

340 287 454 328 datos
473 299 567 328 *esse
595 288 783 328 volumus.
826 288 927 337 Quid
945 288 1029 328 -sibi
1055 289 1150 329 velit
1176 289 1509 339 Anti-LucretiuS,
1546 301 1568 329 e
1604 289 1720 330 titulo

340 352 426 402 ipso
453 353 528 392 iam
557 356 743 402 apparet3
779 353 897 402 quod·
918 364 1011 392 vero
1048 355 1202 402 spectat
1237 353 1288 392 ad
1315 353 1529 393 doctrinam
1557 353 1605 393 de
1632 356 1718 392 ato-

339 415 413 454 mis
437 415 528 454 libr.
557 416 607 462 11,
636 416 736 454 vers.
768 415 843 454 159
871 415 1026 463 indicat,
1056 426 1199 464 operae
1233 426 1320 454 esse
1346 416 1515 464 pretium

720 486 722 489 V
998 499 1197 545 „mysteria
1220 500 1323 535 tanta

527 556 705 601 „scrutari
729 555 953 601 pedetentim
976 555 1134 602 illasque
1159 557 1332 605 evolvere
1357 566 1499 603 causas,

526 623 647 659 „quae
672 623 739 659 per
763 623 803 649 se
830 615 980 659 stantes,
1005 613 1164 659 Epicuro
1189 613 1323 658 iudice,
1347 610 1491 650 Numen'

526 670 714 717 „funditus
739 671 946 708 excludunt.
994 671 1139 708 Etenim
1165 671 1195 707 si
1219 682 1309 708 vera
1332 671 1509 718 profatur,

502 755 505 759 .
525 741 632 775 „non
647 733 713 775 est,
738 732 779 765 ut
801 730 963 775 trepides
988 742 1082 782 vano
1107 733 1248 766 terrore
1271 730 1470 776 Tonantis;

505 790 590 833 ¹„at
614 787 645 822 si
670 786 777 832 falsa,
801 787 919 822 Deum
944 787 1073 822 credas
1098 787 1302 832 timeasque
1325 797 1479 823 necesse
1505 786 1595 823 est.“

377 922 381 926 ,
443 867 624 924 Singulas
667 884 760 913 vero
800 874 1032 921 Democriti,
1077 874 1187 913 cuius
1233 874 1450 923 fragmenta
1487 874 1719 915 Mullachius

337 936 482 987 (Berol.
514 937 635 985 1843,
674 937 750 986 81⁰)
780 935 939 985 collegit
973 938 1012 975 et
1049 936 1193 985 optime
1228 936 1476 984 illustravit,
1497 936 1545 976 de
1581 937 1719 978 atomis

336 1000 550 1042 sententias
579 999 719 1040 afferre
747 1012 771 1039 a
797 1010 840 1039 re
868 999 1035 1039 alienum
1062 1010 1139 1039 non
1166 998 1314 1049 putavi,
1343 1010 1431 1039 cum
1458 1010 1569 1039 nemo
1597 997 1718 1039 addu-

335 1063 445 1111 bitet,
475 1063 567 1112 quin
596 1062 757 1111 Epicuri
775 1062 962 1100 doctrina
989 1073 1037 1100 ex
1056 1061 1267 1100 Abderitae
1294 1061 1398 1100 illius
1426 1062 1592 1101 inventis
1620 1063 1719 1112 (sive

335 1125 525 1175 Leucippi
552 1125 659 1175 sunt)
689 1128 874 1175 tanquam
911 1136 958 1164 ex
995 1124 1102 1164 fonte
1130 1124 1309 1164 manarit.
1339 1123 1386 1164 cf.
1416 1123 1494 1164 Cic.
1524 1125 1572 1165 de
1598 1124 1661 1164 fin.
1689 1124 1719 1173 Ι,

337 1188 359 1238 ἓ
388 1188 436 1227 17
466 1199 574 1238 seqq.
603 1210 655 1215 —
682 1187 793 1227 Lact.
822 1187 912 1226 inst.
942 1187 1017 1226 div.
1046 1181 1116 1235 III,
1148 1188 1208 1226 17.

440 1250 551 1299 Quod
579 1250 745 1301 denique
772 1250 943 1300 pertinet
969 1250 1020 1289 ad
1046 1250 1174 1291 locu-m
1202 1249 1551 1300 auctoritatemque
1570 1250 1718 1290 Atomi-

336 1325 469 1355 corum
487 1313 687 1353 doctrinae
714 1313 753 1351 in
777 1313 1045 1362 philosophiae
1072 1313 1238 1352 historia
1257 1312 1556 1361 attribuendam,
1586 1324 1718 1353 omnes

334 1372 591 1424 consentiunt,
611 1376 837 1425 Epicurum,
866 1375 931 1425 qui
960 1375 1080 1414 vitam
1097 1375 1268 1425 degebat
1294 1378 1481 1424 tempore,
1511 1379 1587 1425 quo
1606 1374 1719 1415 Plato

333 1438 644 1489 Aristotelesque
674 1439 751 1478 iam
777 1437 1002 1486 floruerant,
1031 1438 1264 1486 Democriti,
1287 1438 1391 1488 quod
1419 1437 1581 1478 dicimus
1613 1450 1717 1490 „ma-

334 1492 592 1543 terialismum⁴
607 1500 850 1541 absolutum“
873 1501 1125 1551 adoptantem
1147 1501 1197 1540 ad
1216 1501 1431 1541 deteriores
1451 1504 1585 1551 partes
1613 1505 1719 1542 certe

334 1565 535 1615 delapsum
575 1576 672 1604 esse.
748 1564 807 1603 De
852 1565 1076 1604 Democrito
1122 1564 1207 1613 ipso
1255 1575 1320 1603 res
1370 1555 1463 1603 sane
1511 1565 1639 1604 aliter·
1676 1576 1718 1604 se

333 1628 452 1668 habet
478 1628 640 1678 eiusque
668 1627 857 1675 studium,
887 1638 963 1677 quo
991 1638 1055 1666 res
1084 1627 1347 1677 explicentur,
1383 1627 1622 1677 ingeniosum
1649 1627 1718 1667 ha-

332 1691 500 1738 bendum
529 1694 608 1739 est,
647 1690 822 1741 quamvis
859 1690 942 1729 eius
979 1690 1157 1730 doctrina
1191 1691 1239 1730 de
1276 1690 1393 1730 animi
1429 1693 1571 1730 natura
1606 1691 1719 1740 longe

332 1754 389 1794 illi
414 1751 678 1803 ‘Anaxagorae
716 1753 951 1792 Clazomenii
992 1753 1070 1791 iam
1104 1756 1208 1793 <natu
1246 1753 1403 1792 maioris
1447 1753 1570 1793 cedat.
1645 1753 1719 1801 Qui

332 1818 585 1866 Anaxagoras
611 1816 785 1866 priorum
812 1809 1131 1866 philosophorum
1166 1816 1272 1855 solus
1300 1816 1583 1866 comparandus
1611 1816 1717 1855 vide-

327 1883 416 1928 tur,
454 1891 540 1919 cum
569 1879 652 1918 eius
679 1871 965 1918 hcmoiomeriis
999 1879 1187 1929 quaedam
1222 1890 1308 1918 cum
1336 1879 1554 1918 Democriti
1581 1878 1718 1918 atomis

333 1942 542 1982 similitudo
579 1943 707 1982 inesse
734 1942 924 1981 videatur.
982 1941 1135 1982 Cuncta
1170 1941 1270 1981 enim
1290 1941 1416 1981 'initio
1445 1941 1558 1981 simul
1584 1941 1717 1990 fuisse,

330 2004 478 2057 („o‘,uo{5
504 2003 635 2046 πάντα
661 2003 888 2060 χρήματαα)
918 2004 1062 2053 docuit,
1090 2004 1239 2043 infinita
1266 2003 1514 2045 multitudine
1542 2016 1589 2044 ac
1625 2015 1718 2054 par-

330 2068 464 2109 vitate.
529 2068 641 2108 Haec
681 2071 811 2108 autem
852 2066 1054 2123 χρήματα,
1105 2079 1206 2118 quae
1259 2067 1356 2107 alias
1399 2079 1554 2118 quoque
1596 2067 1717 2123 σπέρ-

329 2147 437 2184 ματα
463 2128 623 2172 πάντων
651 2132 882 2180 vocitantur,
909 2131 1125 2181 particulae
1152 2142 1282 2170 rerum
1310 2133 1401 2170 sunt
1428 2131 1711 2179 elementariae,

328 2194 626 2243 minutissimae,
677 2186 881 2243 aeternae,
940 2193 1111 2234 infinitae
1161 2197 1200 2234 et
1243 2193 1481 2243 indefinitae,
1531 2194 1633 2234 inter
1675 2205 1717 2234 se

329 2258 507 2299 diversae
533 2253 572 2297 et
600 2258 821 2308 oppositae,
858 2258 896 2296 h.
925 2269 957 2298 e.
992 2257 1090 2297 varii
1126 2257 1292 2309 generis,
1322 2269 1441 2307 quae,
1477 2257 1568 2307 quia
1602 2260 1717 2297 natu-

329 2333 374 2362 ra
415 2312 559 2360 similes
601 2324 692 2360 sunt
741 2320 875 2369 rebus,
934 2320 984 2360 ad
1039 2331 1135 2370 quas
1184 2320 1405 2360 formandas
1453 2320 1715 2369 conferuntur,

328 2396 423 2426 voce
451 2383 730 2440 ὁμοιομερείαι
768 2384 1036 2435 designantur.
1088 2384 1251 2425 Praeter
1287 2384 1373 2424 illas
1408 2386 1449 2425 et
1482 2389 1593 2425 extra
1628 2383 1715 2425 illas

327 2459 455 2496 menS,
506 2453 611 2496 νοῦς,
655 2451 802 2496 exstat,
855 2458 955 2498 quae
997 2450 1059 2486 est
1099 2458 1163 2486 res
1205 2459 1278 2497 per
1317 2450 1440 2487 semet
1478 2448 1602 2497 ipsam
1643 2459 1714 2497 po-

328 2514 414 2551 tens
443 2513 484 2550 et
507 2512 652 2560 agens,
689 2521 804 2560 quam
844 2511 1097 2560 Anaxagoras
1132 2508 1319 2565 ἄπειρον,
1357 2508 1560 2563 ἀκίνητον,
1596 2508 1713 2551 αὐτο-
