1968 2859
253 231 282 278 I,
305 231 397 270 551:
446 231 510 279 „Si
533 231 669 268 nullam
692 230 799 267 finem
821 232 950 267 natura
972 231 1140 276 parasset

446 289 681 337 „frangendis
705 289 825 334 rebus,
849 289 922 324 iam
946 298 1100 333 corpora
1123 286 1288 323 materiai

449 359 589 395 „usque
612 347 761 383 redacta
785 347 905 383 forent
929 357 1019 382 aevo
1044 344 1386 391 frangente-priore,

449 408 514 452 „ut
536 406 588 440 nil
613 416 657 441 ex
678 405 751 440 illis
777 416 796 440 e
822 407 920 440 certo
945 406 1105 449 tempore
1129 404 1253 448 posset

447 465 683 509 „conceptum
703 473 843 512 summa
867 462 997 498 aetatis
1020 460 1221 507 pervadere
1245 457 1362 494 finis'.“

237 584 375 624 deinde
402 583 510 623 haec⁴
525 594 739 632 exponens:

251 701 280 745 Ι,
305 701 375 737 577
387 710 396 735 :
445 701 583 746 „Porro
610 699 640 735 si
664 700 763 735 nulla
788 702 842 735 est
865 699 1075 745 frangendis
1100 699 1242 734 reddita
1265 699 1346 734 finis

446 758 695 804 „corporibus,
720 760 841 794 tamen
867 769 911 793 ex
935 760 1084 793 aeterno
1109 760 1270 802 tempore
1296 756 1475 802 quaedam

450 826 568 860 „nunc
593 815 702 850 etiam
727 826 898 861 superare
923 826 1074 851 necesse
1101 818 1156 850 est
1180 826 1333 860 corpora
1356 815 1477 858 rebus,

445 883 564 918 „quae
588 873 745 908 nondum
769 873 915 908 clueant
938 873 1013 907 ullo
1038 875 1213 917 temptata
1236 872 1416 917 periclo:-

447 933 509 976 „at
533 930 702 976 quoniam
726 930 847 976 fragili
872 932 999 965 natura
1022 930 1188 975 praedita
1213 932 1391 974 constant,
1447 932 1469 936 ‘⁴

448 988 658 1034 „discrepat
683 990 869 1023 aeternum
893 990 1034 1033 tempus
1057 988 1219 1033 potuisse
1245 998 1389 1022 manere

446 1046 790 1091 „innumerabilibus
814 1046 933 1090 plagis
957 1048 1088 1080 vexata
1111 1056 1177 1089 per
1201 1043 1362 1080 aevom.“

236 1167 414 1215 Denique
441 1166 547 1204 ducit
574 1177 621 1204 ex
649 1167 832 1214 genuina,
871 1177 970 1214 quae
998 1166 1045 1204 de
1075 1165 1212 1203 atomis
1239 1168 1312 1219 est,
1341 1163 1561 1203 definitione
1578 1165 1610 1210 Ι,
1649 1190 1652 1191 ⁷

237 1238 313 1279 599
342 1250 474 1278 carum
501 1240 699 1277 aeternam
726 1238 1021 1287 simplicitatem.
1057 1237 1141 1284 Quo
1178 1237 1218 1280 in
1252 1236 1337 1276 loco
1374 1239 1611 1285 postremum

237 1313 375 1360 allato,
417 1313 483 1361 qui
519 1312 610 1350 mihi
646 1313 812 1351 nondum
846 1312 940 1359 satis
977 1315 1174 1352 correctus
1210 1311 1513 1360 emendatusque
1554 1311 1610 1348 vi-

237 1385 362 1434 detur,
399 1396 529 1424 omnes
565 1384 646 1424 fere
680 1384 849 1424 editores
883 1385 996 1434 longe
1025 1384 1256 1433 discrepant.
1294 1384 1346 1422 Et
1378 1382 1611 1422 Lachmanni

236 1460 361 1505 lectio,
390 1462 435 1496 ut
461 1459 556 1510 alios
585 1459 771 1504 omittam,
800 1459 891 1496 mihi
918 1459 1044 1496 minus
1073 1470 1189 1506 quam
1216 1458 1281 1495 illa
1301 1470 1324 1496 a
1342 1458 1378 1495 J.
1399 1457 1610 1506 Bernaysio

235 1532 274 1570 in
302 1531 468 1571 editione
496 1531 600 1581 Lips.
632 1525 742 1579 1852,
778 1530 908 1570 oblata
933 1531 1070 1581 placet.
1100 1530 1311 1584 Bernaysii·
1337 1529 1453 1569 lectio
1481 1529 1611 1569 autem

237 1608 298 1643 est
323 1605 438 1643 haec:

251 1721 279 1765 I,
304 1722 394 1757 599:
444 1721 562 1765 „Tum
585 1731 693 1765 porro
719 1719 818 1765 quod
842 1720 913 1754 iam
938 1722 994 1755 est
1019 1723 1215 1755 extremum
1242 1719 1411 1766 quodque
1439 1731 1609 1756 cacumen

423 1784 425 1786 '
446 1777 633 1823 „corporis
658 1778 779 1823 ullius,
805 1777 903 1823 quod
927 1777 1041 1812 nostri
1066 1788 1213 1813 cernere
1240 1788 1367 1813 seusus

446 1836 540 1881 „iam
563 1837 758 1881 nequeunt,
783 1836 821 1871 id
844 1836 1010 1872 nimirum
1034 1836 1110 1871 sine
1135 1836 1299 1881 partibus
1324 1839 1443 1873 exstat

444 1896 507 1938 „et
529 1894 674 1928 minima
698 1896 840 1928 constat
862 1896 1003 1938 natura,
1026 1894 1187 1940 necvfuit
1206 1905 1370 1938 ,unquam

413 1948 415 1950 ’
445 1961 534 1996 „per
559 1961 598 1986 se
624 1952 802 1986 secretum
825 1960 944 1995 neque
969 1950 1119 1995 posthae
1145 1961 1225 1986 esse
1250 1951 1399 1995 valebit,

447 2008 621 2053 „alterius
647 2008 854 2053 quoniamst
877 2008 994 2053 ipsum
1017 2019 1113 2054 pars,
1138 2009 1327 2054 primaque
1353 2012 1389 2044 et
1412 2020 1502 2054 unat,

446 2065 554 2111 „inde
579 2065 673 2102 aliae
698 2067 808 2110 atque
833 2065 928 2101 aliae
953 2066 1088 2101 similes
1113 2076 1158 2101 ex
1183 2066 1309 2101 ordine
1333 2070 1455 2111 partes

445 2124 611 2169 „agmine
636 2122 819 2159 condenso
844 2125 1008 2159 naturam
1033 2124 1195 2168 corporis
1220 2125 1376 2169 explent.

445 2181 572 2227 „Quae
598 2181 768 2226 quoniam
791 2192 857 2227 per
882 2192 921 2217 se
947 2184 1132 2227 nequeunt
1156 2184 1333 2227 constare,
1359 2185 1546 2218 necessest

447 2238 633 2284 „haerere,
658 2239 754 2274 unde
780 2241 915 2284 queant
935 2240 1038 2274 nulla
1061 2240 1201 2275 ratione
1225 2240 1363 2275 revelli.

446 2296 561 2342 „Sunt
583 2296 694 2341 igitur
718 2297 836 2331 solida
859 2297 1056 2342 primordia
1080 2298 1319 2343 simplicitate,

445 2365 562 2399 „quae
587 2354 742 2389 minimis
767 2354 901 2399 stipata
926 2355 1124 2391 cohaerent
1148 2356 1313 2402 partibus
1337 2358 1415 2391 arte

445 2423 540 2457 „non
565 2422 609 2447 ex
634 2412 788 2447 ullorum
813 2415 994 2448 conventu
1018 2413 1213 2449 conciliata

445 2469 535 2515 „sed
559 2469 674 2515 magis
699 2472 849 2505 aeterna
872 2471 1046 2515 pollentia
1071 2471 1314 2516 simplicitate,

447 2527 567 2572 „unde
591 2537 709 2572 neque
735 2527 844 2563 avelli
871 2528 1064 2573 quicquam
1088 2540 1205 2573 neque
1232 2529 1388 2564 deminui
1414 2529 1485 2564 iam

444 2585 635 2631 „concedit
658 2586 788 2620 natura
810 2595 1002 2620 reservans
1027 2586 1163 2622 semina
1186 2584 1332 2622 rebus.“
