1968 2859
454 227 513 266 Ne
533 227 628 280 gquis
657 230 810 276 tempus
838 227 1004 266 fortasse
1030 227 1109 266 tale
1130 228 1428 277 tertium‚.quod
1446 230 1584 275 exstet,
1611 216 1735 276 putet,

351 300 391 339 id
418 296 624 339 Lucretius
645 286 755 340 'inter
783 311 841 348 ea,
871 311 970 350 quae
998 300 1075 339 sint
1103 300 1335 353 „coniuncta
1362 300 1422 339 vel
1451 302 1613 339 eventa“
1643 300 1736 350 (449
1761 340 1765 344 ,

352 373 479 422 seqq.)
508 377 710 412 enumerat
738 363 890 412 dicens:
922 377 1102 421 „tempus
1127 373 1220 411 item
1238 385 1309 421 per
1329 385 1371 412 se
1390 385 1466 412 non
1486 366 1583 420 est‚“
1613 373 1736 422 (459),

352 445 454 485 unde
481 448 603 495 patet,
633 457 721 484 eum
747 445 851 485 inani
879 457 1003 495 aeque
1031 457 1076 485 ac
1095 446 1280 485 materiae
1308 445 1404 485 illud
1432 457 1543 495 „esse
1571 456 1641 496 per
1669 445 1736 484 se“

350 518 591 557 attribuisse.
648 519 759 565 Quod
794 524 924 556 autem
959 519 1072 557 inane
1109 530 1182 557 non
1220 519 1344 557 solum
1371 520 1557 558 materiae
1585 519 1651 557 dat
1678 518 1735 557 lo-

352 603 450 642 cum,
490 603 566 642 quo
594 591 661 631 illa
688 594 902 640 moveatur,
938 591 1006 631 sed
1041 591 1231 632 concretis
1261 603 1414 642 quoque
1442 591 1557 630 rebus
1586 602 1737 641 semper

352 665 529 704 omnibus
564 665 774 703 admixtum
814 668 886 712 est,
925 676 1001 713 quo
1039 665 1111 703 hae
1149 677 1212 703 res
1247 668 1450 703 concretae
1486 676 1660 703 crescere
1698 668 1738 703 et

349 738 401 778 ali
427 738 519 786 350,
557 749 674 778 voces
703 741 814 787 septa
841 749 1054 787 permeare,
1093 737 1215 787 frigus
1252 738 1435 788 calorque
1468 750 1631 788 corpora
1665 750 1733 788 pe—

349 814 527 859 netrare,
573 822 636 849 res
679 811 776 849 aliae
814 811 899 849 aliis
937 811 1108 859 pondere
1144 814 1345 859 praestare
1382 811 1544 860 possint.
1599 811 1735 850 Plures
1776 809 1778 811 ’

348 888 556 934 praeterea
583 884 697 924 affert
724 884 956 932 sententias,
992 884 1058 923 ubi
1083 884 1131 924 de
1160 885 1287 925 causis
1315 884 1505 935 loquitur,
1544 883 1645 923 unde
1672 895 1736 923 res

350 961 556 998 concretae
585 969 606 996 e
635 957 852 996 durissimis
881 957 1019 996 atomis
1048 957 1201 1006 genitae
1230 960 1359 996 tamen
1387 956 1482 996 fiant
1504 957 1638 996 molles
1658 956 1736 995 fra-

350 1032 539 1081 gilesque,
569 1031 670 1070 unde
691 1031 843 1070 demum
864 1043 1016 1084 rursum
1039 1031 1311 1079 dissolvantur,
1335 1032 1382 1070 de
1403 1030 1541 1081 quibus
1562 1030 1736 1070 omnibus

352 1104 454 1144 infra
482 1104 593 1144 nobis
631 1105 821 1154 agendum
858 1107 929 1143 est.
984 1104 1141 1152 Restat,
1178 1116 1254 1154 quo
1288 1105 1363 1143 iam
1400 1116 1530 1143 omnes
1558 1104 1606 1143 de
1633 1104 1737 1143 inani

349 1178 565 1218 sententiae
603 1178 675 1217 hoc
712 1178 797 1217 loco
836 1177 1021 1217 collectae
1058 1178 1315 1226 inveniantur,
1354 1180 1397 1216 ut
1432 1189 1735 1226 commemorem,

348 1255 534 1301 quantum
563 1252 614 1290 sit
641 1252 771 1298 inane;
815 1263 935 1300 quare
964 1262 1064 1290 nunc
1093 1251 1347 1300 anticipamus
1375 1250 1447 1290 hoc
1477 1254 1647 1299 tantum,
1687 1251 1735 1290 ob

351 1325 554 1364 materiam
596 1325 820 1363 immensam
862 1323 1127 1374 infinitamque
1173 1325 1285 1363 inane
1335 1324 1468 1363 itidem
1519 1325 1735 1364 necessario

347 1399 574 1438 immensum
602 1397 871 1448 infinitumque
899 1409 985 1437 esse
1015 1398 1168 1437 debere.
1198 1397 1244 1437 cf.
1271 1398 1300 1446 I,
1329 1398 1466 1447 958.*)

455 1472 596 1511 Omnes
633 1472 707 1510 hae
746 1472 793 1510 de
829 1472 932 1510 inani
980 1472 1120 1510 allatae
1164 1471 1379 1509 sententiae
1413 1471 1571 1520 Epicuri
1606 1471 1734 1510 verbis

347 1545 452 1586 haud
481 1545 596 1586 dubie
625 1544 927 1595 comprobantur
954 1545 1001 1584 D.
1024 1545 1066 1585 L.
1087 1545 1134 1593 X,
1162 1545 1235 1584 40:
1266 1544 1329 1593 ,,εἰ
1346 1545 1421 1600 γὰρ
1449 1545 1503 1597 μὴ
1533 1541 1591 1596 ἦν,
1621 1543 1733 1586 &ns-

347 1620 414 1661 νὸν
442 1622 510 1661 καὶ
538 1619 673 1675 χώραν
700 1621 766 1660 καὶ
797 1618 932 1674 ἀναφῆ
960 1617 1084 1674 φύσιν
1112 1617 1371 1670 ὀνομάζομεν,
1400 1618 1471 1659 οὐκ
1500 1618 1548 1659 ἄν
1576 1616 1659 1669 εἶχε
1686 1619 1736 1659 τὰ

348 1690 525 1745 σώματα,
563 1693 667 1733 ὅπου
703 1689 751 1744 ἧν
790 1692 884 1733 οὐδὲ
921 1692 974 1733 δι’
1011 1690 1060 1733 οὗ
1096 1693 1284 1740 ἐκινεῖτο,
1329 1689 1515 1747 καθάπερ
1552 1693 1735 1746 φαίνεται

348 1765 576 1818 κινούμενα·
615 1766 727 1821 παρὰ
762 1767 804 1806 δὲ
837 1771 962 1806 ταῦτα
996 1766 1110 1807 οὐδὲν
1144 1766 1414 1818 ἐπινοηθῆναι
1444 1762 1606 1806 δύναται
1644 1765 1735 1806 οὔτε

347 1842 608 1896 περιληπτῶς
640 1839 732 1881 οὔτε
769 1836 972 1891 ἀναλόγως
1008 1844 1092 1886 τοῖς
1129 1837 1413 1894 περιλήπτοις,
1461 1838 1515 1887 αἶς
1556 1839 1605 1879 τὰ
1642 1838 1735 1880 καθ’

348 2062 379 2103 *)
401 2062 531 2103 Optime
554 2062 639 2094 hanc
663 2061 772 2093 inanis
795 2061 963 2094 notionem
985 2061 1155 2102 impugnat
1177 2061 1448 2094 Anti-Lucretius
1471 2062 1514 2102 ΙΙ,
1536 2061 1613 2094 204:

475 2114 589 2156 „Istud
613 2115 712 2147 inane
737 2114 815 2156 quid
839 2115 914 2146 est?
938 2114 973 2147 Si
995 2124 1056 2155 per
1079 2124 1114 2146 se
1138 2114 1287 2155 corporis
1310 2124 1442 2156 expers,

475 2172 643 2209 „tempore
668 2167 698 2200 si
721 2167 815 2199 nullo
838 2166 976 2206 finitum,
998 2166 1103 2198 limite
1126 2167 1218 2199 nullo

476 2220 665 2261 „vallatum,
688 2220 788 2252 nullis
812 2218 972 2251 variabile
995 2220 1149 2261 motibus,
1173 2230 1211 2253 ac
1235 2221 1264 2253 si

475 2283 569 2315 „esse
593 2283 688 2305 suum
711 2282 729 2304 e
752 2272 897 2313 propriis
920 2276 1059 2304 naturae
1082 2273 1208 2305 viribus
1230 2273 1351 2313 haurit,

475 2330 552 2368 „aut
574 2326 666 2367 deus,
690 2330 747 2358 aut
769 2325 851 2358 nihil
876 2329 935 2359 est.
959 2325 1092 2358 Etenim
1114 2336 1188 2358 cum
1211 2326 1352 2358 maxima
1375 2329 1465 2358 certe

474 2383 690 2420 „argumenta
711 2379 766 2410 dei
788 2379 853 2410 iam
876 2377 1065 2410 confitearis
1090 2379 1124 2410 in
1147 2379 1205 2410 illo

474 2435 528 2473 „et
551 2431 641 2463 solae
665 2431 774 2462 desint
796 2431 860 2471 ipsi
883 2441 975 2462 mens
999 2435 1096 2471 atque
1119 2434 1279 2472 potestaS,

474 2494 554 2527 „cur
575 2484 696 2525 desint,
719 2494 780 2525 ego
802 2493 869 2516 non
892 2483 997 2525 video,
1020 2491 1081 2516 nec
1104 2483 1215 2517 dicere
1237 2484 1356 2526 possis.

474 2537 660 2580 „Quidquid
684 2538 772 2569 enim
792 2547 855 2578 per
877 2547 914 2570 se
939 2543 999 2578 est,
1023 2538 1119 2578 quale
1143 2542 1204 2579 est,
1226 2539 1293 2570 tale
1318 2548 1392 2571 esse
1414 2548 1588 2571 necessum
1611 2543 1679 2580 est3

473 2594 593 2633 „atque
617 2590 700 2623 adeo
723 2591 770 2623 sic
794 2594 855 2630 est,
879 2591 956 2631 quia
979 2591 1027 2623 sic
1050 2601 1115 2623 non
1139 2600 1214 2623 esse
1237 2591 1438 2633 repugnat.“
