<?xml version="1.0" encoding="UTF-8"?>
<!DOCTYPE html PUBLIC "-//W3C//DTD XHTML 1.0 Transitional//EN"
    "http://www.w3.org/TR/xhtml1/DTD/xhtml1-transitional.dtd">
<html xmlns="http://www.w3.org/1999/xhtml" xml:lang="en" lang="en">
 <head>
  <title>
</title>
<meta http-equiv="Content-Type" content="text/html;charset=utf-8" />
  <meta name='ocr-system' content='tesseract 3.04.00' />
  <meta name='ocr-capabilities' content='ocr_page ocr_carea ocr_par ocr_line ocrx_word'/>
</head>
<body>
  <div class='ocr_page' id='page_1' title='image "4771426_0063.png"; bbox 0 0 1968 2859; ppageno 0'>
   <div class='ocr_carea' id='block_1_1' title="bbox 253 227 1628 2615">
    <p class='ocr_par' dir='ltr' id='par_1_1' title="bbox 253 227 1628 2615">
     <span class='ocr_line' id='line_1_1' title="bbox 260 227 1624 286; baseline 0.001 -19"><span class='ocrx_word' id='word_1_1' title='bbox 260 227 343 267; x_wconf 90' lang='lat' dir='ltr'>curi</span> <span class='ocrx_word' id='word_1_2' title='bbox 384 227 623 278; x_wconf 79' lang='lat' dir='ltr'><strong>disciplinam</strong></span> <span class='ocrx_word' id='word_1_3' title='bbox 658 239 683 286; x_wconf 67' lang='lat' dir='ltr'>n</span> <span class='ocrx_word' id='word_1_4' title='bbox 723 227 908 269; x_wconf 77' lang='lat' dir='ltr'>Lucmtio</span> <span class='ocrx_word' id='word_1_5' title='bbox 940 228 1095 272; x_wconf 77' lang='lat' dir='ltr'>omnino</span> <span class='ocrx_word' id='word_1_6' title='bbox 1137 231 1247 269; x_wconf 79' lang='lat' dir='ltr'>recte</span> <span class='ocrx_word' id='word_1_7' title='bbox 1277 228 1512 272; x_wconf 63' lang='lat' dir='ltr'>intellectum</span> <span class='ocrx_word' id='word_1_8' title='bbox 1536 232 1624 270; x_wconf 40' lang='lat' dir='ltr'>fnnn</span> 
     </span>
     <span class='ocr_line' id='line_1_2' title="bbox 260 296 1622 351; baseline 0.001 -12"><span class='ocrx_word' id='word_1_9' title='bbox 260 311 345 340; x_wconf 89' lang='lat' dir='ltr'>esse</span> <span class='ocrx_word' id='word_1_10' title='bbox 373 301 563 350; x_wconf 83' lang='lat' dir='ltr'><strong>opinetur.</strong></span> <span class='ocrx_word' id='word_1_11' title='bbox 617 301 670 339; x_wconf 85' lang='lat' dir='ltr'>Et</span> <span class='ocrx_word' id='word_1_12' title='bbox 695 301 878 347; x_wconf 78' lang='lat' dir='ltr'>hocloco</span> <span class='ocrx_word' id='word_1_13' title='bbox 906 304 946 341; x_wconf 84' lang='lat' dir='ltr'>et</span> <span class='ocrx_word' id='word_1_14' title='bbox 970 296 1102 351; x_wconf 78' lang='lat' dir='ltr'>multis</span> <span class='ocrx_word' id='word_1_15' title='bbox 1129 300 1215 341; x_wconf 84' lang='lat' dir='ltr'>aliis</span> <span class='ocrx_word' id='word_1_16' title='bbox 1241 301 1304 340; x_wconf 82' lang='lat' dir='ltr'>vix</span> <span class='ocrx_word' id='word_1_17' title='bbox 1330 300 1458 348; x_wconf 60' lang='lat' dir='ltr'>facere</span> <span class='ocrx_word' id='word_1_18' title='bbox 1484 313 1622 351; x_wconf 89' lang='lat' dir='ltr'>possu-</span> 
     </span>
     <span class='ocr_line' id='line_1_3' title="bbox 258 358 1622 430; baseline 0.001 -18"><span class='ocrx_word' id='word_1_19' title='bbox 258 385 361 422; x_wconf 86' lang='lat' dir='ltr'><strong>mus,</strong></span> <span class='ocrx_word' id='word_1_20' title='bbox 399 373 490 424; x_wconf 90' lang='lat' dir='ltr'>quin</span> <span class='ocrx_word' id='word_1_21' title='bbox 526 373 726 427; x_wconf 85' lang='lat' dir='ltr'>credamus</span> <span class='ocrx_word' id='word_1_22' title='bbox 753 358 977 429; x_wconf 16' lang='lat' dir='ltr'>‘Epicurum⁸</span> <span class='ocrx_word' id='word_1_23' title='bbox 990 372 1167 425; x_wconf 81' lang='lat' dir='ltr'>profecto</span> <span class='ocrx_word' id='word_1_24' title='bbox 1201 374 1355 430; x_wconf 79' lang='lat' dir='ltr'>minime</span> <span class='ocrx_word' id='word_1_25' title='bbox 1386 374 1459 413; x_wconf 90' lang='lat' dir='ltr'>sibi</span> <span class='ocrx_word' id='word_1_26' title='bbox 1494 377 1622 414; x_wconf 81' lang='lat' dir='ltr'>tantas</span> 
     </span>
     <span class='ocr_line' id='line_1_4' title="bbox 259 446 1622 497; baseline 0.001 -13"><span class='ocrx_word' id='word_1_27' title='bbox 259 446 320 485; x_wconf 89' lang='lat' dir='ltr'>vel</span> <span class='ocrx_word' id='word_1_28' title='bbox 347 446 545 488; x_wconf 75' lang='lat' dir='ltr'>doctrinae</span> <span class='ocrx_word' id='word_1_29' title='bbox 571 447 633 489; x_wconf 80' lang='lat' dir='ltr'>vel</span> <span class='ocrx_word' id='word_1_30' title='bbox 658 450 973 496; x_wconf 66' lang='lat' dir='ltr'>argumentorum</span> <span class='ocrx_word' id='word_1_31' title='bbox 1005 446 1292 491; x_wconf 73' lang='lat' dir='ltr'>imbecillitates</span> <span class='ocrx_word' id='word_1_32' title='bbox 1325 447 1526 497; x_wconf 77' lang='lat' dir='ltr'>ignoscere</span> <span class='ocrx_word' id='word_1_33' title='bbox 1553 459 1622 496; x_wconf 92' lang='lat' dir='ltr'>po-</span> 
     </span>
     <span class='ocr_line' id='line_1_5' title="bbox 259 519 1624 570; baseline 0.001 -12"><span class='ocrx_word' id='word_1_34' title='bbox 259 519 397 567; x_wconf 81' lang='lat' dir='ltr'>tuisse3</span> <span class='ocrx_word' id='word_1_35' title='bbox 425 531 539 570; x_wconf 77' lang='lat' dir='ltr'>quam</span> <span class='ocrx_word' id='word_1_36' title='bbox 567 519 617 559; x_wconf 91' lang='lat' dir='ltr'>ob</span> <span class='ocrx_word' id='word_1_37' title='bbox 642 531 725 560; x_wconf 89' lang='lat' dir='ltr'>rem</span> <span class='ocrx_word' id='word_1_38' title='bbox 750 520 838 560; x_wconf 80' lang='lat' dir='ltr'>illas</span> <span class='ocrx_word' id='word_1_39' title='bbox 860 519 1083 561; x_wconf 83' lang='lat' dir='ltr'>Lucretium</span> <span class='ocrx_word' id='word_1_40' title='bbox 1109 520 1287 570; x_wconf 70' lang='lat' dir='ltr'>magistri·</span> <span class='ocrx_word' id='word_1_41' title='bbox 1312 520 1522 561; x_wconf 74' lang='lat' dir='ltr'>sententias</span> <span class='ocrx_word' id='word_1_42' title='bbox 1549 531 1624 560; x_wconf 91' lang='lat' dir='ltr'>non</span> 
     </span>
     <span class='ocr_line' id='line_1_6' title="bbox 259 592 1625 642; baseline 0.001 -12"><span class='ocrx_word' id='word_1_43' title='bbox 259 603 411 641; x_wconf 85' lang='lat' dir='ltr'><strong>semper</strong></span> <span class='ocrx_word' id='word_1_44' title='bbox 445 592 559 641; x_wconf 86' lang='lat' dir='ltr'>plane</span> <span class='ocrx_word' id='word_1_45' title='bbox 585 592 821 632; x_wconf 81' lang='lat' dir='ltr'>intellexisse</span> <span class='ocrx_word' id='word_1_46' title='bbox 853 592 1097 637; x_wconf 83' lang='lat' dir='ltr'>verisimilius</span> <span class='ocrx_word' id='word_1_47' title='bbox 1136 593 1311 640; x_wconf 86' lang='lat' dir='ltr'>videtur;</span> <span class='ocrx_word' id='word_1_48' title='bbox 1346 593 1440 635; x_wconf 81' lang='lat' dir='ltr'>alias</span> <span class='ocrx_word' id='word_1_49' title='bbox 1473 603 1625 642; x_wconf 88' lang='lat' dir='ltr'>quoque</span> 
     </span>
     <span class='ocr_line' id='line_1_7' title="bbox 258 665 1625 719; baseline 0.001 -15"><span class='ocrx_word' id='word_1_50' title='bbox 258 666 412 714; x_wconf 88' lang='lat' dir='ltr'>mirum,</span> <span class='ocrx_word' id='word_1_51' title='bbox 454 666 644 715; x_wconf 82' lang='lat' dir='ltr'>quomodo</span> <span class='ocrx_word' id='word_1_52' title='bbox 681 666 882 718; x_wconf 79' lang='lat' dir='ltr'>disciplina</span> <span class='ocrx_word' id='word_1_53' title='bbox 927 670 1005 709; x_wconf 85' lang='lat' dir='ltr'>tam</span> <span class='ocrx_word' id='word_1_54' title='bbox 1049 666 1198 709; x_wconf 71' lang='lat' dir='ltr'>infirma</span> <span class='ocrx_word' id='word_1_55' title='bbox 1237 665 1401 719; x_wconf 54' lang='lat' dir='ltr'>tantam}</span> <span class='ocrx_word' id='word_1_56' title='bbox 1443 668 1625 715; x_wconf 85' lang='lat' dir='ltr'>quantam</span> 
     </span>
     <span class='ocr_line' id='line_1_8' title="bbox 259 738 1623 793; baseline 0 -15"><span class='ocrx_word' id='word_1_57' title='bbox 259 738 401 788; x_wconf 84' lang='lat' dir='ltr'>adepta</span> <span class='ocrx_word' id='word_1_58' title='bbox 427 741 498 787; x_wconf 88' lang='lat' dir='ltr'>est,</span> <span class='ocrx_word' id='word_1_59' title='bbox 527 739 710 789; x_wconf 85' lang='lat' dir='ltr'>consequi</span> <span class='ocrx_word' id='word_1_60' title='bbox 736 739 907 789; x_wconf 89' lang='lat' dir='ltr'>potuerit</span> <span class='ocrx_word' id='word_1_61' title='bbox 943 739 1105 793; x_wconf 78' lang='lat' dir='ltr'>gloriam</span> <span class='ocrx_word' id='word_1_62' title='bbox 1141 742 1181 778; x_wconf 90' lang='lat' dir='ltr'>et</span> <span class='ocrx_word' id='word_1_63' title='bbox 1213 739 1496 782; x_wconf 84' lang='lat' dir='ltr'>auctoritatem.</span> <span class='ocrx_word' id='word_1_64' title='bbox 1550 738 1623 778; x_wconf 82' lang='lat' dir='ltr'>Mi-</span> 
     </span>
     <span class='ocr_line' id='line_1_9' title="bbox 258 811 1624 862; baseline 0.001 -12"><span class='ocrx_word' id='word_1_65' title='bbox 258 812 360 851; x_wconf 90' lang='lat' dir='ltr'>nime</span> <span class='ocrx_word' id='word_1_66' title='bbox 386 823 478 851; x_wconf 88' lang='lat' dir='ltr'>vero</span> <span class='ocrx_word' id='word_1_67' title='bbox 505 811 705 862; x_wconf 81' lang='lat' dir='ltr'>probabile</span> <span class='ocrx_word' id='word_1_68' title='bbox 733 815 805 861; x_wconf 89' lang='lat' dir='ltr'>est,</span> <span class='ocrx_word' id='word_1_69' title='bbox 841 812 1064 852; x_wconf 88' lang='lat' dir='ltr'>Lucretium</span> <span class='ocrx_word' id='word_1_70' title='bbox 1092 812 1304 855; x_wconf 85' lang='lat' dir='ltr'>sententias</span> <span class='ocrx_word' id='word_1_71' title='bbox 1330 822 1407 851; x_wconf 92' lang='lat' dir='ltr'>non</span> <span class='ocrx_word' id='word_1_72' title='bbox 1433 811 1508 851; x_wconf 90' lang='lat' dir='ltr'>fide</span> <span class='ocrx_word' id='word_1_73' title='bbox 1534 811 1624 852; x_wconf 90' lang='lat' dir='ltr'>red-</span> 
     </span>
     <span class='ocr_line' id='line_1_10' title="bbox 258 884 1624 937; baseline 0.002 -14"><span class='ocrx_word' id='word_1_74' title='bbox 258 885 412 933; x_wconf 84' lang='lat' dir='ltr'>didisse,</span> <span class='ocrx_word' id='word_1_75' title='bbox 442 897 528 925; x_wconf 89' lang='lat' dir='ltr'>cum</span> <span class='ocrx_word' id='word_1_76' title='bbox 555 886 681 935; x_wconf 90' lang='lat' dir='ltr'>ipsum</span> <span class='ocrx_word' id='word_1_77' title='bbox 700 886 934 926; x_wconf 88' lang='lat' dir='ltr'>contrarium</span> <span class='ocrx_word' id='word_1_78' title='bbox 959 886 1134 935; x_wconf 86' lang='lat' dir='ltr'>plurimis</span> <span class='ocrx_word' id='word_1_79' title='bbox 1162 884 1256 925; x_wconf 91' lang='lat' dir='ltr'>locis</span> <span class='ocrx_word' id='word_1_80' title='bbox 1283 884 1463 925; x_wconf 85' lang='lat' dir='ltr'>affirmari</span> <span class='ocrx_word' id='word_1_81' title='bbox 1489 885 1624 937; x_wconf 80' lang='lat' dir='ltr'>possit.</span> 
     </span>
     <span class='ocr_line' id='line_1_11' title="bbox 258 954 1624 1012; baseline 0 -15"><span class='ocrx_word' id='word_1_82' title='bbox 258 954 402 998; x_wconf 77' lang='lat' dir='ltr'>Poetae</span> <span class='ocrx_word' id='word_1_83' title='bbox 439 970 531 1008; x_wconf 87' lang='lat' dir='ltr'>ergo</span> <span class='ocrx_word' id='word_1_84' title='bbox 568 962 629 998; x_wconf 91' lang='lat' dir='ltr'>est</span> <span class='ocrx_word' id='word_1_85' title='bbox 655 959 806 1007; x_wconf 87' lang='lat' dir='ltr'>vitium,</span> <span class='ocrx_word' id='word_1_86' title='bbox 835 958 869 998; x_wconf 92' lang='lat' dir='ltr'>si</span> <span class='ocrx_word' id='word_1_87' title='bbox 895 959 1120 1012; x_wconf 83' lang='lat' dir='ltr'>saepissime</span> <span class='ocrx_word' id='word_1_88' title='bbox 1147 958 1359 1001; x_wconf 86' lang='lat' dir='ltr'>sententiae</span> <span class='ocrx_word' id='word_1_89' title='bbox 1385 957 1448 998; x_wconf 86' lang='lat' dir='ltr'>vel</span> <span class='ocrx_word' id='word_1_90' title='bbox 1474 969 1551 998; x_wconf 91' lang='lat' dir='ltr'>non</span> <span class='ocrx_word' id='word_1_91' title='bbox 1576 958 1624 997; x_wconf 93' lang='lat' dir='ltr'>li-</span> 
     </span>
     <span class='ocr_line' id='line_1_12' title="bbox 259 1029 1623 1081; baseline 0.001 -12"><span class='ocrx_word' id='word_1_92' title='bbox 259 1030 398 1080; x_wconf 88' lang='lat' dir='ltr'>quidae</span> <span class='ocrx_word' id='word_1_93' title='bbox 434 1034 526 1070; x_wconf 90' lang='lat' dir='ltr'>sunt</span> <span class='ocrx_word' id='word_1_94' title='bbox 560 1032 621 1070; x_wconf 89' lang='lat' dir='ltr'>vel</span> <span class='ocrx_word' id='word_1_95' title='bbox 655 1043 784 1071; x_wconf 88' lang='lat' dir='ltr'>secum</span> <span class='ocrx_word' id='word_1_96' title='bbox 820 1034 1004 1081; x_wconf 83' lang='lat' dir='ltr'>pugnant.</span> <span class='ocrx_word' id='word_1_97' title='bbox 1058 1031 1157 1070; x_wconf 89' lang='lat' dir='ltr'>Nam</span> <span class='ocrx_word' id='word_1_98' title='bbox 1192 1031 1314 1070; x_wconf 85' lang='lat' dir='ltr'>multa</span> <span class='ocrx_word' id='word_1_99' title='bbox 1340 1034 1445 1074; x_wconf 81' lang='lat' dir='ltr'>certe</span> <span class='ocrx_word' id='word_1_100' title='bbox 1472 1029 1623 1070; x_wconf 88' lang='lat' dir='ltr'>deside-</span> 
     </span>
     <span class='ocr_line' id='line_1_13' title="bbox 257 1103 1625 1155; baseline 0 -13"><span class='ocrx_word' id='word_1_101' title='bbox 257 1103 410 1151; x_wconf 88' lang='lat' dir='ltr'>rantur,</span> <span class='ocrx_word' id='word_1_102' title='bbox 454 1106 498 1142; x_wconf 89' lang='lat' dir='ltr'>ut</span> <span class='ocrx_word' id='word_1_103' title='bbox 543 1104 615 1153; x_wconf 91' lang='lat' dir='ltr'>„(I‚</span> <span class='ocrx_word' id='word_1_104' title='bbox 650 1103 741 1155; x_wconf 75' lang='lat'>144)</span> <span class='ocrx_word' id='word_1_105' title='bbox 783 1105 951 1143; x_wconf 84' lang='lat' dir='ltr'>carmine</span> <span class='ocrx_word' id='word_1_106' title='bbox 993 1104 1097 1143; x_wconf 86' lang='lat' dir='ltr'>clara</span> <span class='ocrx_word' id='word_1_107' title='bbox 1132 1103 1447 1153; x_wconf 83' lang='lat' dir='ltr'>praepandantur</span> <span class='ocrx_word' id='word_1_108' title='bbox 1481 1103 1625 1142; x_wconf 85' lang='lat' dir='ltr'>lumina</span> 
     </span>
     <span class='ocr_line' id='line_1_14' title="bbox 257 1176 1625 1226; baseline 0.001 -12"><span class='ocrx_word' id='word_1_109' title='bbox 257 1176 411 1224; x_wconf 90' lang='lat' dir='ltr'>„menti,</span> <span class='ocrx_word' id='word_1_110' title='bbox 455 1187 518 1215; x_wconf 91' lang='lat' dir='ltr'>res</span> <span class='ocrx_word' id='word_1_111' title='bbox 556 1176 694 1226; x_wconf 82' lang='lat' dir='ltr'>quibus</span> <span class='ocrx_word' id='word_1_112' title='bbox 732 1177 903 1216; x_wconf 79' lang='lat' dir='ltr'>occultas</span> <span class='ocrx_word' id='word_1_113' title='bbox 948 1176 1102 1226; x_wconf 89' lang='lat' dir='ltr'>penitus</span> <span class='ocrx_word' id='word_1_114' title='bbox 1137 1176 1337 1216; x_wconf 88' lang='lat' dir='ltr'>convisere</span> <span class='ocrx_word' id='word_1_115' title='bbox 1371 1176 1534 1225; x_wconf 87' lang='lat' dir='ltr'>possis.“</span> <span class='ocrx_word' id='word_1_116' title='bbox 1573 1199 1625 1205; x_wconf 96' lang='lat'><strong>—</strong></span> 
     </span>
     <span class='ocr_line' id='line_1_15' title="bbox 258 1249 1624 1299; baseline 0.001 -10"><span class='ocrx_word' id='word_1_117' title='bbox 258 1249 335 1289; x_wconf 87' lang='lat' dir='ltr'>Sed</span> <span class='ocrx_word' id='word_1_118' title='bbox 361 1250 436 1289; x_wconf 87' lang='lat' dir='ltr'>iam</span> <span class='ocrx_word' id='word_1_119' title='bbox 463 1250 768 1299; x_wconf 85' lang='lat' dir='ltr'>generandarum</span> <span class='ocrx_word' id='word_1_120' title='bbox 796 1262 926 1290; x_wconf 86' lang='lat' dir='ltr'>rerum</span> <span class='ocrx_word' id='word_1_121' title='bbox 960 1250 1150 1293; x_wconf 86' lang='lat' dir='ltr'>rationem</span> <span class='ocrx_word' id='word_1_122' title='bbox 1176 1250 1429 1299; x_wconf 83' lang='lat' dir='ltr'>exploremus.</span> <span class='ocrx_word' id='word_1_123' title='bbox 1484 1249 1624 1290; x_wconf 84' lang='lat' dir='ltr'>Mirum</span> 
     </span>
     <span class='ocr_line' id='line_1_16' title="bbox 256 1322 1628 1378; baseline 0.001 -17"><span class='ocrx_word' id='word_1_124' title='bbox 256 1325 334 1370; x_wconf 90' lang='lat' dir='ltr'>est,</span> <span class='ocrx_word' id='word_1_125' title='bbox 372 1323 474 1372; x_wconf 91' lang='lat' dir='ltr'>quod</span> <span class='ocrx_word' id='word_1_126' title='bbox 509 1322 549 1363; x_wconf 91' lang='lat' dir='ltr'>in</span> <span class='ocrx_word' id='word_1_127' title='bbox 585 1322 757 1366; x_wconf 82' lang='lat' dir='ltr'>Lucretii</span> <span class='ocrx_word' id='word_1_128' title='bbox 792 1326 969 1374; x_wconf 79' lang='lat' dir='ltr'>poemate</span> <span class='ocrx_word' id='word_1_129' title='bbox 1006 1322 1134 1364; x_wconf 85' lang='lat' dir='ltr'>nullus</span> <span class='ocrx_word' id='word_1_130' title='bbox 1168 1322 1361 1367; x_wconf 86' lang='lat' dir='ltr'>invenitur</span> <span class='ocrx_word' id='word_1_131' title='bbox 1387 1322 1512 1378; x_wconf 80' lang='lat' dir='ltr'>locuS,</span> <span class='ocrx_word' id='word_1_132' title='bbox 1547 1322 1628 1372; x_wconf 82' lang='lat' dir='ltr'>quo&#39;</span> 
     </span>
     <span class='ocr_line' id='line_1_17' title="bbox 258 1388 1623 1445; baseline 0.001 -12"><span class='ocrx_word' id='word_1_133' title='bbox 258 1397 341 1434; x_wconf 86' lang='lat' dir='ltr'>tota</span> <span class='ocrx_word' id='word_1_134' title='bbox 369 1388 638 1437; x_wconf 84' lang='lat' dir='ltr'>concrescendi</span> <span class='ocrx_word' id='word_1_135' title='bbox 672 1396 772 1438; x_wconf 73' lang='lat' dir='ltr'>ratio</span> <span class='ocrx_word' id='word_1_136' title='bbox 799 1396 856 1438; x_wconf 81' lang='lat' dir='ltr'>ita</span> <span class='ocrx_word' id='word_1_137' title='bbox 891 1396 1095 1445; x_wconf 68' lang='lat' dir='ltr'>explanata</span> <span class='ocrx_word' id='word_1_138' title='bbox 1121 1396 1191 1443; x_wconf 88' lang='lat' dir='ltr'>sit,</span> <span class='ocrx_word' id='word_1_139' title='bbox 1228 1398 1290 1443; x_wconf 84' lang='lat' dir='ltr'>ut,</span> <span class='ocrx_word' id='word_1_140' title='bbox 1326 1395 1517 1445; x_wconf 82' lang='lat' dir='ltr'>quomodo</span> <span class='ocrx_word' id='word_1_141' title='bbox 1544 1394 1623 1444; x_wconf 84' lang='lat' dir='ltr'>fiat,</span> 
     </span>
     <span class='ocr_line' id='line_1_18' title="bbox 259 1467 1623 1518; baseline 0 -10"><span class='ocrx_word' id='word_1_142' title='bbox 259 1468 361 1508; x_wconf 85' lang='lat' dir='ltr'>clare</span> <span class='ocrx_word' id='word_1_143' title='bbox 389 1468 551 1509; x_wconf 79' lang='lat' dir='ltr'>eluceat.</span> <span class='ocrx_word' id='word_1_144' title='bbox 605 1469 728 1517; x_wconf 83' lang='lat' dir='ltr'>Quam</span> <span class='ocrx_word' id='word_1_145' title='bbox 764 1468 813 1507; x_wconf 92' lang='lat' dir='ltr'>ob</span> <span class='ocrx_word' id='word_1_146' title='bbox 849 1479 1004 1508; x_wconf 87' lang='lat' dir='ltr'>causam</span> <span class='ocrx_word' id='word_1_147' title='bbox 1038 1467 1332 1518; x_wconf 78' lang='lat' dir='ltr'>confugiendum</span> <span class='ocrx_word' id='word_1_148' title='bbox 1363 1471 1427 1507; x_wconf 84' lang='lat' dir='ltr'>est·</span> <span class='ocrx_word' id='word_1_149' title='bbox 1459 1469 1509 1508; x_wconf 90' lang='lat' dir='ltr'>ad</span> <span class='ocrx_word' id='word_1_150' title='bbox 1545 1469 1623 1508; x_wconf 90' lang='lat' dir='ltr'>sin-</span> 
     </span>
     <span class='ocr_line' id='line_1_19' title="bbox 256 1541 1624 1592; baseline 0.001 -12"><span class='ocrx_word' id='word_1_151' title='bbox 256 1541 368 1590; x_wconf 86' lang='lat' dir='ltr'>gulas</span> <span class='ocrx_word' id='word_1_152' title='bbox 403 1542 629 1590; x_wconf 88' lang='lat' dir='ltr'>sententias,</span> <span class='ocrx_word' id='word_1_153' title='bbox 668 1542 807 1591; x_wconf 85' lang='lat' dir='ltr'>quibus</span> <span class='ocrx_word' id='word_1_154' title='bbox 836 1542 1066 1591; x_wconf 80' lang='lat' dir='ltr'>comparatis</span> <span class='ocrx_word' id='word_1_155' title='bbox 1102 1541 1169 1585; x_wconf 81' lang='lat' dir='ltr'>illa.</span> <span class='ocrx_word' id='word_1_156' title='bbox 1201 1542 1457 1591; x_wconf 83' lang='lat' dir='ltr'>intelligatur;</span> <span class='ocrx_word' id='word_1_157' title='bbox 1492 1542 1624 1592; x_wconf 77' lang='lat' dir='ltr'>itaque</span> 
     </span>
     <span class='ocr_line' id='line_1_20' title="bbox 257 1613 1622 1664; baseline 0.001 -11"><span class='ocrx_word' id='word_1_158' title='bbox 257 1613 461 1655; x_wconf 83' lang='lat' dir='ltr'>Lucretius</span> <span class='ocrx_word' id='word_1_159' title='bbox 488 1615 631 1664; x_wconf 86' lang='lat' dir='ltr'>primas</span> <span class='ocrx_word' id='word_1_160' title='bbox 659 1626 789 1653; x_wconf 89' lang='lat' dir='ltr'>rerum</span> <span class='ocrx_word' id='word_1_161' title='bbox 824 1625 871 1653; x_wconf 82' lang='lat' dir='ltr'>ex</span> <span class='ocrx_word' id='word_1_162' title='bbox 899 1614 1037 1656; x_wconf 77' lang='lat' dir='ltr'>atomis</span> <span class='ocrx_word' id='word_1_163' title='bbox 1070 1614 1333 1653; x_wconf 83' lang='lat' dir='ltr'>concretiones</span> <span class='ocrx_word' id='word_1_164' title='bbox 1364 1615 1489 1654; x_wconf 82' lang='lat' dir='ltr'>animo</span> <span class='ocrx_word' id='word_1_165' title='bbox 1517 1614 1622 1654; x_wconf 89' lang='lat' dir='ltr'>effin—</span> 
     </span>
     <span class='ocr_line' id='line_1_21' title="bbox 257 1686 1622 1738; baseline -0.001 -9"><span class='ocrx_word' id='word_1_166' title='bbox 257 1689 359 1729; x_wconf 80' lang='lat' dir='ltr'>xisse</span> <span class='ocrx_word' id='word_1_167' title='bbox 385 1687 541 1728; x_wconf 88' lang='lat' dir='ltr'>videtur</span> <span class='ocrx_word' id='word_1_168' title='bbox 567 1687 639 1728; x_wconf 87' lang='lat' dir='ltr'>hoc</span> <span class='ocrx_word' id='word_1_169' title='bbox 665 1688 798 1727; x_wconf 89' lang='lat' dir='ltr'>modo:</span> <span class='ocrx_word' id='word_1_170' title='bbox 835 1687 931 1727; x_wconf 78' lang='lat' dir='ltr'>Cum</span> <span class='ocrx_word' id='word_1_171' title='bbox 959 1689 1173 1728; x_wconf 86' lang='lat' dir='ltr'>atomorum</span> <span class='ocrx_word' id='word_1_172' title='bbox 1200 1698 1344 1737; x_wconf 82' lang='lat' dir='ltr'>genera</span> <span class='ocrx_word' id='word_1_173' title='bbox 1369 1686 1506 1738; x_wconf 73' lang='lat' dir='ltr'>figura,</span> <span class='ocrx_word' id='word_1_174' title='bbox 1541 1698 1622 1728; x_wconf 77' lang='lat' dir='ltr'>ma·-</span> 
     </span>
     <span class='ocr_line' id='line_1_22' title="bbox 256 1761 1622 1811; baseline 0 -10"><span class='ocrx_word' id='word_1_175' title='bbox 256 1761 471 1811; x_wconf 83' lang='lat' dir='ltr'>gnitudine,</span> <span class='ocrx_word' id='word_1_176' title='bbox 511 1761 682 1810; x_wconf 89' lang='lat' dir='ltr'>pondere</span> <span class='ocrx_word' id='word_1_177' title='bbox 717 1761 819 1800; x_wconf 88' lang='lat' dir='ltr'>inter</span> <span class='ocrx_word' id='word_1_178' title='bbox 853 1772 895 1800; x_wconf 90' lang='lat' dir='ltr'>se</span> <span class='ocrx_word' id='word_1_179' title='bbox 930 1761 1131 1809; x_wconf 84' lang='lat' dir='ltr'>distincta,</span> <span class='ocrx_word' id='word_1_180' title='bbox 1165 1762 1375 1810; x_wconf 85' lang='lat' dir='ltr'>gravitate,</span> <span class='ocrx_word' id='word_1_181' title='bbox 1409 1761 1622 1809; x_wconf 68' lang='lat' dir='ltr'>dinume,</span> 
     </span>
     <span class='ocr_line' id='line_1_23' title="bbox 255 1833 1621 1883; baseline -0.001 -8"><span class='ocrx_word' id='word_1_182' title='bbox 255 1835 335 1875; x_wconf 86' lang='lat' dir='ltr'>ictu</span> <span class='ocrx_word' id='word_1_183' title='bbox 372 1834 521 1875; x_wconf 76' lang='lat' dir='ltr'>concita</span> <span class='ocrx_word' id='word_1_184' title='bbox 548 1833 724 1874; x_wconf 77' lang='lat' dir='ltr'>certatim</span> <span class='ocrx_word' id='word_1_185' title='bbox 760 1834 924 1873; x_wconf 82' lang='lat' dir='ltr'>maximo</span> <span class='ocrx_word' id='word_1_186' title='bbox 959 1833 1112 1874; x_wconf 86' lang='lat' dir='ltr'>turbine</span> <span class='ocrx_word' id='word_1_187' title='bbox 1139 1834 1349 1883; x_wconf 82' lang='lat' dir='ltr'>iactentur,</span> <span class='ocrx_word' id='word_1_188' title='bbox 1385 1833 1496 1874; x_wconf 80' lang='lat' dir='ltr'>facile</span> <span class='ocrx_word' id='word_1_189' title='bbox 1520 1834 1621 1875; x_wconf 70' lang='lat' dir='ltr'>acci-</span> 
     </span>
     <span class='ocr_line' id='line_1_24' title="bbox 257 1907 1623 1957; baseline 0 -11"><span class='ocrx_word' id='word_1_190' title='bbox 257 1909 355 1947; x_wconf 74' lang='lat' dir='ltr'>derev</span> <span class='ocrx_word' id='word_1_191' title='bbox 375 1910 525 1957; x_wconf 80' lang='lat' dir='ltr'>potest,</span> <span class='ocrx_word' id='word_1_192' title='bbox 562 1911 607 1946; x_wconf 89' lang='lat' dir='ltr'>ut</span> <span class='ocrx_word' id='word_1_193' title='bbox 632 1908 731 1946; x_wconf 83' lang='lat' dir='ltr'>duae</span> <span class='ocrx_word' id='word_1_194' title='bbox 767 1907 829 1946; x_wconf 85' lang='lat' dir='ltr'>vel</span> <span class='ocrx_word' id='word_1_195' title='bbox 855 1908 987 1956; x_wconf 86' lang='lat' dir='ltr'>plures</span> <span class='ocrx_word' id='word_1_196' title='bbox 1014 1908 1133 1946; x_wconf 87' lang='lat' dir='ltr'>atomi</span> <span class='ocrx_word' id='word_1_197' title='bbox 1168 1907 1302 1957; x_wconf 84' lang='lat' dir='ltr'>figuris</span> <span class='ocrx_word' id='word_1_198' title='bbox 1335 1908 1438 1946; x_wconf 76' lang='lat' dir='ltr'>inter</span> <span class='ocrx_word' id='word_1_199' title='bbox 1472 1918 1516 1947; x_wconf 89' lang='lat' dir='ltr'>se</span> <span class='ocrx_word' id='word_1_200' title='bbox 1550 1908 1623 1946; x_wconf 79' lang='lat' dir='ltr'>im-</span> 
     </span>
     <span class='ocr_line' id='line_1_25' title="bbox 255 1980 1622 2032; baseline 0 -12"><span class='ocrx_word' id='word_1_201' title='bbox 255 1981 420 2031; x_wconf 80' lang='lat' dir='ltr'>plicatae</span> <span class='ocrx_word' id='word_1_202' title='bbox 447 1980 503 2021; x_wconf 82' lang='lat' dir='ltr'>ita</span> <span class='ocrx_word' id='word_1_203' title='bbox 530 1980 762 2024; x_wconf 80' lang='lat' dir='ltr'>cohaereant</span> <span class='ocrx_word' id='word_1_204' title='bbox 787 1983 904 2031; x_wconf 83' lang='lat' dir='ltr'>atque</span> <span class='ocrx_word' id='word_1_205' title='bbox 930 1981 1199 2032; x_wconf 80' lang='lat' dir='ltr'>impediantur,</span> <span class='ocrx_word' id='word_1_206' title='bbox 1229 1981 1431 2032; x_wconf 83' lang='lat' dir='ltr'>quominus</span> <span class='ocrx_word' id='word_1_207' title='bbox 1457 1981 1622 2032; x_wconf 62' lang='lat' dir='ltr'>dissiiire</span> 
     </span>
     <span class='ocr_line' id='line_1_26' title="bbox 255 2053 1622 2104; baseline -0.001 -11"><span class='ocrx_word' id='word_1_208' title='bbox 255 2053 417 2103; x_wconf 87' lang='lat' dir='ltr'>possint,</span> <span class='ocrx_word' id='word_1_209' title='bbox 455 2053 682 2103; x_wconf 87' lang='lat' dir='ltr'>quibuscum</span> <span class='ocrx_word' id='word_1_210' title='bbox 710 2054 764 2093; x_wconf 87' lang='lat' dir='ltr'>sic</span> <span class='ocrx_word' id='word_1_211' title='bbox 789 2053 1001 2093; x_wconf 84' lang='lat' dir='ltr'>coniunctis</span> <span class='ocrx_word' id='word_1_212' title='bbox 1038 2054 1218 2103; x_wconf 87' lang='lat' dir='ltr'>deinceps</span> <span class='ocrx_word' id='word_1_213' title='bbox 1246 2054 1343 2094; x_wconf 85' lang='lat' dir='ltr'>aliae</span> <span class='ocrx_word' id='word_1_214' title='bbox 1369 2057 1488 2104; x_wconf 84' lang='lat' dir='ltr'>atque</span> <span class='ocrx_word' id='word_1_215' title='bbox 1523 2054 1622 2093; x_wconf 86' lang='lat' dir='ltr'>aliae</span> 
     </span>
     <span class='ocr_line' id='line_1_27' title="bbox 257 2126 1621 2176; baseline 0.001 -11"><span class='ocrx_word' id='word_1_216' title='bbox 257 2126 415 2176; x_wconf 87' lang='lat' dir='ltr'>„figuris</span> <span class='ocrx_word' id='word_1_217' title='bbox 450 2127 681 2176; x_wconf 87' lang='lat' dir='ltr'>perplexae“</span> <span class='ocrx_word' id='word_1_218' title='bbox 719 2127 852 2167; x_wconf 88' lang='lat' dir='ltr'>eodem</span> <span class='ocrx_word' id='word_1_219' title='bbox 887 2127 999 2166; x_wconf 92' lang='lat' dir='ltr'>modo</span> <span class='ocrx_word' id='word_1_220' title='bbox 1034 2127 1315 2167; x_wconf 84' lang='lat' dir='ltr'>consociantur.</span> <span class='ocrx_word' id='word_1_221' title='bbox 1368 2127 1478 2167; x_wconf 87' lang='lat' dir='ltr'>Aliae</span> <span class='ocrx_word' id='word_1_222' title='bbox 1518 2138 1621 2174; x_wconf 86' lang='lat' dir='ltr'>vero,</span> 
     </span>
     <span class='ocr_line' id='line_1_28' title="bbox 256 2199 1621 2250; baseline -0.001 -9"><span class='ocrx_word' id='word_1_223' title='bbox 256 2211 356 2250; x_wconf 78' lang='lat' dir='ltr'>quae</span> <span class='ocrx_word' id='word_1_224' title='bbox 378 2199 525 2250; x_wconf 82' lang='lat' dir='ltr'>figuris,</span> <span class='ocrx_word' id='word_1_225' title='bbox 553 2199 661 2240; x_wconf 84' lang='lat' dir='ltr'>verbi</span> <span class='ocrx_word' id='word_1_226' title='bbox 686 2200 822 2250; x_wconf 58' lang='lat' dir='ltr'>gratie</span> <span class='ocrx_word' id='word_1_227' title='bbox 841 2200 1015 2243; x_wconf 85' lang='lat' dir='ltr'>rotundis</span> <span class='ocrx_word' id='word_1_228' title='bbox 1052 2211 1127 2241; x_wconf 89' lang='lat' dir='ltr'>non</span> <span class='ocrx_word' id='word_1_229' title='bbox 1154 2199 1426 2249; x_wconf 81' lang='lat' dir='ltr'>adhaererent,</span> <span class='ocrx_word' id='word_1_230' title='bbox 1463 2199 1621 2240; x_wconf 86' lang='lat' dir='ltr'>fortuito</span> 
     </span>
     <span class='ocr_line' id='line_1_29' title="bbox 255 2273 1620 2323; baseline -0.002 -7"><span class='ocrx_word' id='word_1_231' title='bbox 255 2275 330 2316; x_wconf 78' lang='lat' dir='ltr'>iam</span> <span class='ocrx_word' id='word_1_232' title='bbox 357 2274 652 2314; x_wconf 81' lang='lat' dir='ltr'>cohaerentibus</span> <span class='ocrx_word' id='word_1_233' title='bbox 676 2273 1038 2321; x_wconf 78' lang='lat' dir='ltr'>circumcludantur,</span> <span class='ocrx_word' id='word_1_234' title='bbox 1067 2274 1133 2323; x_wconf 86' lang='lat' dir='ltr'>qui</span> <span class='ocrx_word' id='word_1_235' title='bbox 1158 2274 1296 2314; x_wconf 87' lang='lat' dir='ltr'>modus</span> <span class='ocrx_word' id='word_1_236' title='bbox 1323 2274 1524 2323; x_wconf 81' lang='lat' dir='ltr'>repetitur,</span> <span class='ocrx_word' id='word_1_237' title='bbox 1551 2274 1620 2313; x_wconf 90' lang='lat' dir='ltr'>do-</span> 
     </span>
     <span class='ocr_line' id='line_1_30' title="bbox 255 2346 1621 2396; baseline -0.002 -6"><span class='ocrx_word' id='word_1_238' title='bbox 255 2359 325 2390; x_wconf 75' lang='lat' dir='ltr'>nec</span> <span class='ocrx_word' id='word_1_239' title='bbox 353 2350 568 2389; x_wconf 83' lang='lat' dir='ltr'>atomorum</span> <span class='ocrx_word' id='word_1_240' title='bbox 597 2347 809 2395; x_wconf 81' lang='lat' dir='ltr'>„augmen“</span> <span class='ocrx_word' id='word_1_241' title='bbox 839 2346 1047 2389; x_wconf 79' lang='lat' dir='ltr'>secundum</span> <span class='ocrx_word' id='word_1_242' title='bbox 1082 2348 1244 2388; x_wconf 75' lang='lat' dir='ltr'>naturae</span> <span class='ocrx_word' id='word_1_243' title='bbox 1276 2346 1384 2396; x_wconf 84' lang='lat' dir='ltr'>leges</span> <span class='ocrx_word' id='word_1_244' title='bbox 1409 2346 1621 2396; x_wconf 76' lang='lat' dir='ltr'>perfectum</span> 
     </span>
     <span class='ocr_line' id='line_1_31' title="bbox 255 2419 1619 2468; baseline -0.002 -6"><span class='ocrx_word' id='word_1_245' title='bbox 255 2420 317 2462; x_wconf 86' lang='lat' dir='ltr'>sit.</span> <span class='ocrx_word' id='word_1_246' title='bbox 363 2420 473 2467; x_wconf 82' lang='lat' dir='ltr'>Quod</span> <span class='ocrx_word' id='word_1_247' title='bbox 500 2423 630 2461; x_wconf 77' lang='lat' dir='ltr'>autem</span> <span class='ocrx_word' id='word_1_248' title='bbox 656 2419 845 2467; x_wconf 76' lang='lat' dir='ltr'>probatur</span> <span class='ocrx_word' id='word_1_249' title='bbox 867 2421 1024 2467; x_wconf 79' lang='lat' dir='ltr'>praeter</span> <span class='ocrx_word' id='word_1_250' title='bbox 1049 2419 1153 2466; x_wconf 74' lang='lat' dir='ltr'>iilos,</span> <span class='ocrx_word' id='word_1_251' title='bbox 1187 2430 1283 2468; x_wconf 84' lang='lat' dir='ltr'>quos</span> <span class='ocrx_word' id='word_1_252' title='bbox 1311 2430 1429 2468; x_wconf 84' lang='lat' dir='ltr'>supra</span> <span class='ocrx_word' id='word_1_253' title='bbox 1454 2419 1502 2459; x_wconf 84' lang='lat' dir='ltr'>de</span> <span class='ocrx_word' id='word_1_254' title='bbox 1529 2432 1619 2459; x_wconf 71' lang='lat' dir='ltr'>noa-</span> 
     </span>
     <span class='ocr_line' id='line_1_32' title="bbox 253 2492 1617 2546; baseline -0.004 -9"><span class='ocrx_word' id='word_1_255' title='bbox 253 2493 418 2546; x_wconf 74' lang='lat' dir='ltr'>uoyou&#39;a</span> <span class='ocrx_word' id='word_1_256' title='bbox 445 2493 716 2543; x_wconf 75' lang='lat' dir='ltr'>exscripsimus</span> <span class='ocrx_word' id='word_1_257' title='bbox 743 2503 899 2540; x_wconf 82' lang='lat' dir='ltr'>versus,</span> <span class='ocrx_word' id='word_1_258' title='bbox 938 2492 1150 2540; x_wconf 77' lang='lat' dir='ltr'>sententiis,</span> <span class='ocrx_word' id='word_1_259' title='bbox 1178 2492 1317 2541; x_wconf 83' lang='lat' dir='ltr'>quibus</span> <span class='ocrx_word' id='word_1_260' title='bbox 1345 2497 1474 2533; x_wconf 86' lang='lat' dir='ltr'>rerum</span> <span class='ocrx_word' id='word_1_261' title='bbox 1502 2492 1617 2532; x_wconf 82' lang='lat' dir='ltr'>dura-</span> 
     </span>
     <span class='ocr_line' id='line_1_33' title="bbox 254 2564 1150 2615; baseline -0.001 -10"><span class='ocrx_word' id='word_1_262' title='bbox 254 2577 339 2605; x_wconf 90' lang='lat' dir='ltr'>rum</span> <span class='ocrx_word' id='word_1_263' title='bbox 365 2565 612 2615; x_wconf 90' lang='lat' dir='ltr'>molliumque</span> <span class='ocrx_word' id='word_1_264' title='bbox 640 2565 748 2614; x_wconf 88' lang='lat' dir='ltr'>origo</span> <span class='ocrx_word' id='word_1_265' title='bbox 775 2564 1002 2613; x_wconf 88' lang='lat' dir='ltr'>perhibetur</span> <span class='ocrx_word' id='word_1_266' title='bbox 1027 2564 1150 2607; x_wconf 79' lang='lat' dir='ltr'>hisce:</span> 
     </span>
    </p>
   </div>
   <div class='ocr_carea' id='block_1_2' title="bbox 1935 0 1968 2859">
    <p class='ocr_par' dir='ltr' id='par_1_2' title="bbox 1935 0 1968 2859">
     <span class='ocr_line' id='line_1_34' title="bbox 1935 0 1968 2859; baseline 0 0"><span class='ocrx_word' id='word_1_267' title='bbox 1935 0 1968 2859; x_wconf 95' lang='lat' dir='ltr'> </span> 
     </span>
    </p>
   </div>
  </div>
 </body>
</html>
