1968 2859
1549 126 1600 170 29

228 233 397 283 „dictum
415 233 581 275 δυνατὸν
600 232 636 274 δ’
654 230 757 274 εἶναι
777 234 989 284 κοσμιαίοη·
1020 232 1214 287 ὑπάρχειν
1241 233 1388 285 ἄτομον
1424 245 1499 272 non
1527 234 1598 272 ha-

228 308 343 356 „beo‚
372 319 447 358 quo
475 307 661 354 referam;
699 308 749 346 ad
781 307 993 357 Epicurum
1020 308 1149 357 potius
1177 308 1373 356 pertinere
1406 307 1598 347 videtur.“

229 381 305 421 Sed
332 393 457 431 neque
484 381 523 419 in
551 381 721 420 Lucretii
747 385 924 430 poemate
959 392 1085 431 neque
1120 393 1167 420 ex
1193 381 1351 431 Epicuri
1388 381 1437 419 ad
1474 381 1598 419 Hero-

229 455 361 495 dotum
389 455 553 505 epistola
579 466 705 505 neque
733 466 780 493 ex
807 455 881 494 alio
916 458 1074 495 auctore
1111 455 1252 504 habeo,
1289 467 1364 505 quo
1392 455 1489 495 hanc
1517 455 1599 505 opi·

228 530 380 567 n'ionem
407 529 576 577 Epicuro
612 528 729 566 tribui
766 540 881 577 posse
909 529 1055 575 dicam;
1091 530 1203 567 immo
1241 529 1359 567 verba
1392 540 1511 577 supra
1547 530 1600 567 ci-

228 605 312 641 tata
340 601 536 653 ,μέγεθος
562 599 706 656 μικρόν
721 617 761 642 τε
790 600 934 653 μόνονιι
963 602 1148 652 imprimis
1176 606 1305 641 autem
1324 602 1430 642 loeus
1457 603 1508 642 55
1537 613 1601 641 Su-

228 687 301 724 pra
327 674 543 725 exscriptus
574 678 613 714 et
640 675 753 714 Lucr.
783 676 832 723 II,
860 676 1038 715 480-81
1078 679 1117 714 et
1151 676 1332 716 498—‘99
1369 676 1600 715 contrariam

229 749 387 798 Epicuri
416 750 462 788 de
490 749 607 788 atomi
634 749 896 799 magnitudine
925 749 1155 794 sententiam
1192 750 1457 788 demonstrant
1484 752 1600 798 atque

81 829 84 833 '
157 848 160 852 -
230 827 399 863 tuentur.
455 823 566 871 Quod
602 824 633 862 si
661 824 781 872 igitur
810 823 963 862 Stobaei
992 824 1228 873 Eusebiique
1263 824 1482 862 testimonia
1510 835 1600 862 con-

230 897 410 946 gruentia
437 896 487 935 ad
514 896 775 936 Democritum
808 908 882 935 non
921 897 1115 946 pertinere
1150 897 1254 935 nullo
1289 896 1404 935 dubio
1438 900 1600 943 constet,

230 972 269 1009 in
296 971 343 1012 iis
371 982 480 1009 error
506 971 635 1019 potius
663 971 784 1009 latere
812 971 983 1017 videtur,
1013 982 1126 1019 quam
1156 974 1198 1009 ut
1226 973 1361 1009 contra.
1382 962 1600 1009 'sententias

230 1044 391 1083 maxime
427 1044 650 1093 perspicuas
678 1043 845 1093 Epicuro
874 1043 1089 1082 vindicetur
1124 1044 1251 1093 opinio
1286 1044 1362 1082 illis
1391 1043 1599 1082 declarata.

334 1118 445 1164 Quod
479 1118 554 1155 iam
595 1118 733 1156 attinet
769 1118 819 1155 ad
855 1118 1063 1155 Democrit-i
1106 1118 1177 1156 hac
1213 1118 1259 1155 de
1297 1130 1338 1156 re
1377 1118 1600 1164 doctrinam,

232 1191 351 1231 Arist.
382 1190 429 1230 de
458 1190 565 1230 coelo
592 1190 661 1238 III,
689 1192 715 1230 4
744 1194 1026 1239 commemorat,
1056 1190 1162 1229 illum
1190 1193 1338 1230 atomos
1366 1191 1471 1241 ipsas
1499 1191 1601 1231 voci-

231 1268 334 1303 tasse
363 1265 411 1303 τὰ
439 1265 614 1315 μεγέθης
644 1265 819 1302 nimirum
850 1268 939 1303 sunt
967 1276 1129 1312 corpora
1157 1265 1535 1314 magnitudinemque
1563 1266 1601 1303 in

231 1337 420 1383 concretis
450 1336 618 1377 efficiunt
644 1336 770 1377 rebus.
828 1337 884 1376 De
912 1337 1019 1376 varia
1053 1348 1184 1376 earum
1212 1338 1474 1388 magnitudine
1500 1338 1601 1378 idem

232 1416 366 1451 auctor
402 1412 511 1461 phys.
553 1413 622 1460 III,
657 1413 684 1450 4
719 1415 847 1450 notat:
886 1411 981 1452 αὐτὸ
1018 1412 1061 1452 τὸ
1098 1413 1229 1452 κοινὸν
1263 1418 1378 1463 σῶμα
1406 1412 1600 1463 (materia)

231 1486 395 1538 μεγέθει
420 1485 520 1526 κατὰ
539 1484 662 1539 μόρια
690 1485 871 1536 (atomos)
891 1487 955 1526 καὶ
976 1483 1146 1538 σχήματι
1167 1484 1371 1541 διάφερον.
1402 1486 1448 1527 cf.
1470 1486 1599 1537 Simpl.

232 1560 281 1598 ad
308 1559 407 1598 hunc
436 1560 506 1598 loc.
536 1559 599 1598 fol.
631 1560 716 1607 106,
746 1560 781 1607 b,
811 1565 850 1598 et
877 1559 1057 1598 Mullach.
1086 1571 1173 1608 pag.
1202 1560 1315 1600 379s

334 1633 394 1672 De
431 1633 505 1672 alio
540 1645 639 1672 nunc
676 1637 868 1672 momento
902 1643 948 1670 ex
976 1635 1134 1671 aeterna
1163 1633 1360 1683 solidaque
1389 1636 1602 1672 atomorum

232 1709 372 1745 natura
398 1706 602 1755 pendente,
632 1707 734 1755 quod
763 1717 880 1754 supra
909 1706 1169 1754 omiseramus,
1198 1707 1270 1746 hoc
1298 1707 1383 1747 loco
1411 1708 1601 1747 disserere

231 1783 363 1830 aptum
392 1780 556 1819 videtur.

886 2030 946 2102 V.

478 2170 546 2209 DE
576 2170 868 2210 ATOMORUM
898 2170 1364 2210 IMMUTABILITATE.

337 2297 396 2337 Ne
416 2297 502 2347 quis
522 2299 670 2336 atomos
686 2307 799 2346 quam
815 2297 872 2335 vis
889 2296 1034 2335 solidae
1050 2297 1127 2335 sint
1143 2300 1400 2346 aeternaeque
1415 2299 1604 2344 constent,

233 2372 310 2410 alia
344 2372 508 2421 quadam
542 2371 690 2410 ratione
724 2371 805 2409 sive
840 2371 944 2420 quod
979 2371 1029 2409 ad
1064 2371 1487 2410 formam‘exteriorem
1524 2371 1605 2410 sive
1664 2391 1667 2393 Δ

234 2445 337 2496 quod
371 2445 420 2484 ad
461 2449 637 2484 naturam
678 2445 900 2484 interiorem
940 2447 1101 2494 spectat,
1142 2445 1282 2483 mutari
1325 2455 1439 2493 posse
1482 2447 1604 2493 putet,

233 2519 437 2559 Lucretius
473 2519 520 2558 de
558 2518 784 2557 immutabili
822 2530 954 2558 earum
990 2522 1131 2558 natura
1174 2519 1289 2557 etiam
1332 2522 1449 2568 atque
1489 2519 1604 2557 etiam

233 2593 401 2633 disserit.
429 2593 553 2632 Docet
582 2593 681 2632 enim
708 2593 883 2642 pluribus
911 2593 1160 2643 argumentis,
1189 2604 1258 2632 cur
1277 2592 1436 2632 eandem
1455 2602 1605 2641 semper
