1968 2859
1577 125 1626 166 21

256 228 332 278 VI,
349 228 413 271 50.
468 229 687 271 Mire-sane
714 233 890 281 pugnant
915 230 1018 270 inter
1045 241 1087 270 se
1114 230 1342 279 sententiae,
1367 230 1505 278 altera,
1534 229 1628 271 deos

256 303 307 343 ad
324 304 507 344 mundum
534 306 710 344 nostrum
727 304 1019 359 gubernandum
1030 315 1168 355 parum
1186 304 1328 353 valere,
1356 304 1490 352 altera,
1517 314 1647 343 mum,

256 376 346 417 dum
374 379 503 418 tamen
531 377 784 426 vitiosiorem,
822 390 937 428 quam
973 379 1039 429 qui
1075 390 1099 418 a
1126 378 1197 418 deo
1224 377 1352 418 factus
1380 389 1466 418 esse
1493 378 1629 428 possit,

256 462 456 501 apparere.
484 473 537 478 —
563 451 736 490 Alteram
764 451 902 491 deinde
930 451 1159 491 sententiam
1187 452 1235 491 de
1263 452 1426 499 ratione,
1454 463 1532 501 qua
1558 462 1624 491 ve-

257 537 342 565 rum
383 524 599 574 falsumque
643 528 895 574 agnoscatur,
939 526 1260 575 praemittendam
1303 526 1441 564 leviter
1481 527 1630 564 tantum

256 598 449 647 attingere
475 597 663 637 volumus.
719 597 850 637 Omnis
878 598 1040 646 veritas,
1069 597 1124 638 sic
1152 598 1266 638 docet
1290 601 1420 648 poeta,
1449 608 1630 638 sensuum

256 671 331 711 fide
372 672 522 711 nititur.
591 673 676 719 Qua
703 683 750 711 ex
777 672 954 712 doctrina
981 672 1066 711 libr.
1087 673 1153 720 IV,
1182 684 1269 711 vers
1294 673 1372 711 469
1401 684 1508 722 seqq.
1537 673 1631 712 ube·
1685 678 1688 679 ’

255 745 339 784 rius
364 745 541 795 exposita
565 745 628 785 hic
654 755 772 784 unum
798 745 1011 786 alterumve
1038 745 1164 786 locum
1199 746 1340 786 citasse
1368 745 1548 794 sufficiet,
1586 748 1631 784 ut

255 819 528 869 intelligamus,
557 830 578 858 e
598 818 703 868 quali
729 819 918 868 principio
945 818 1096 858 formali
1124 822 1208 858 tota
1227 819 1429 868 disciplina
1451 819 1630 869 pendeat.

257 903 306 948 ΙΙ,
330 905 417 939 478:
466 903 657 949 „Invenies
682 903 807 949 primis
831 904 878 939 ab
903 904 1071 940 sensibus
1095 914 1176 940 esse
1200 906 1359 940 creatam

466 961 655 1007 „notitiam
678 962 768 1006 veri,
791 971 912 1007 neque
936 972 1066 997 sensns
1089 972 1198 1007 posse
1221 961 1375 998 refelli.“

274 1029 302 1075 I,
326 1028 414 1066 422:
463 1040 619 1076 „corpus
644 1029 740 1065 enim
762 1040 828 1076 per
852 1040 891 1065 se
917 1030 1113 1066 communis
1138 1030 1286 1067 dedicat
1309 1040 1391 1066 esse

466 1097 637 1133 „sensus3
664 1087 722 1123 cui
746 1087 816 1123 nisi
840 1087 956 1133 prima
979 1087 1071 1124 fides
1095 1088 1246 1124 fundata
1269 1088 1418 1133 valebit,

467 1144 590 1190 „haud
614 1145 684 1180 erit
707 1145 859 1180 occultis
884 1145 929 1181 de
954 1146 1076 1190 rebus,
1101 1156 1174 1190 quo
1198 1146 1399 1181 referentes

467 1201 701 1247 „confirmare
727 1202 837 1237 animi
861 1203 1055 1248 quicquam
1079 1202 1218 1238 ratione
1244 1202 1455 1248 queamus.“

271 1271 300 1316 Ι,
326 1270 412 1308 699:
463 1299 471 1307 .
499 1299 507 1307 .
532 1270 655 1317 „Quid
678 1271 785 1308 nobis
809 1272 944 1307 certius
967 1271 1056 1317 ipsis

466 1329 658 1375 „sensibus
683 1339 765 1365 esse
789 1331 920 1375 potest,
946 1329 1009 1374 qui
1032 1339 1121 1364 vera
1145 1339 1188 1364 ac
1213 1329 1307 1364 falsa
1331 1329 1561 1370 notemusn

361 1407 516 1456 Quanta
551 1417 637 1447 cum
672 1406 748 1447 fide
775 1407 982 1448 Lucretius
1010 1408 1105 1448 locis
1134 1407 1443 1448 commemoratis
1469 1407 1629 1458 Epicuri
1654 1410 1657 1413 ‘

256 1481 486 1520 sententiam
514 1481 745 1528 reddiderit,
783 1481 895 1521 facile
922 1485 1088 1530 apparet
1104 1493 1162 1520 ex
1189 1482 1255 1529 iis,
1292 1493 1392 1530 quae
1420 1481 1558 1522 Cicero
1585 1482 1633 1521 de

255 1557 334 1595 nat.
371 1555 476 1594 deor.
515 1554 546 1602 Ι,
574 1554 595 1605 ξ
622 1553 673 1593 43
702 1566 809 1605 seqq.
851 1554 1040 1594 Velleium
1074 1554 1311 1604 Epicureum
1347 1553 1471 1595 fusius
1499 1554 1632 1607 dispu-

255 1631 402 1667 tantem
428 1628 539 1667 feeit:
576 1639 662 1667 esso
691 1628 844 1677 quidem
873 1629 965 1667 deos
1000 1628 1136 1667 beatos
1173 1632 1212 1667 et
1238 1628 1494 1677 immortales;
1529 1629 1634 1679 quod

256 1704 385 1744 autem
411 1701 567 1741 beatum
595 1704 873 1752 aeternumque
900 1701 969 1750 sit,
999 1701 1038 1741 id
1065 1713 1136 1742 nec
1163 1701 1307 1741 habere
1334 1701 1463 1751 ipsum
1487 1701 1634 1751 negotii

257 1776 460 1826 quicquam
479 1787 550 1815 nec
577 1775 759 1815 exhibere
779 1776 904 1823 alteri,
934 1787 1049 1825 quam
1069 1776 1116 1815 ob
1137 1787 1292 1815 causam
1310 1776 1358 1815 iis
1377 1788 1463 1816 cum
1491 1776 1633 1817 mundo

256 1850 350 1890 nihil
386 1849 531 1900 negotii
568 1850 631 1889 sit.
687 1850 834 1897 Quibus
870 1850 1131 1900 adiungantur
1167 1850 1288 1900 ipsius
1320 1849 1479 1900 Epicuri
1515 1849 1634 1890 verba

256 1924 370 1974 Diog.
389 1923 433 1962 L⁴
453 1924 501 1972 X,
532 1925 606 1963 123
635 1927 675 1963 et
703 1924 789 1963 139.
828 1909 1067 1963 Sententiam
1093 1927 1224 1964 autem
1250 1924 1495 1972 illam„hunc
1521 1936 1632 1963 mun·

257 1997 348 2037 dum
375 1998 486 2037 nimis
514 1998 695 2037 vitiosum
723 2009 810 2037 esse
837 2009 953 2048 quam
982 1998 1048 2048 qui
1074 2009 1098 2036 a
1125 1998 1198 2037 deo
1226 1997 1355 2037 factus
1383 1998 1445 2046 sit,
1473 1998 1632 2048 Epicuri

257 2071 385 2120 verbis
420 2071 574 2121 quidem
606 2071 772 2120 probare
808 2082 885 2110 non
911 2080 1085 2120 possum,
1123 2082 1342 2121 quanquam
1369 2072 1406 2110 in
1435 2071 1631 2112 Ciceronis

257 2145 329 2186 loc.
358 2145 421 2185 all.
450 2145 551 2185 idem
580 2156 717 2185 sensus
743 2144 919 2195 pluribus
938 2145 1077 2185 Velleii
1105 2145 1306 2185 sententiis
1335 2156 1490 2196 causam
1517 2156 1631 2196 prae·

257 2219 387 2259 buisse
422 2219 587 2258 videtur.
642 2219 794 2258 Clarius
830 2222 960 2258 autem
995 2219 1103 2259 Lact.
1139 2220 1227 2258 inst.
1257 2219 1332 2258 div.
1360 2220 1430 2268 111,
1460 2221 1507 2259 17
1537 2220 1631 2270 Epi-

258 2293 341 2333 curi
376 2293 589 2333 doctrinam
625 2291 738 2332 affert
769 2292 895 2333 hisce:
942 2287 1096 2343 „Nulla,
1133 2293 1277 2343 inquit,
1315 2293 1516 2343 dispositio
1551 2297 1630 2341 est3

257 2366 380 2405 multa
407 2366 507 2405 enim
534 2365 639 2406 facta
664 2369 756 2406 sunt
781 2366 914 2414 aliter,
952 2378 1067 2416 quam
1105 2366 1189 2406 fieri
1223 2366 1475 2406 debuerunt.“
1534 2367 1631 2406 Tum

259 2450 350 2479 vero
379 2450 560 2479 sensuum
586 2438 900 2489 perceptionibus
921 2427 1125 2480 veritatem
1149 2440 1281 2479 inesse
1301 2443 1412 2489 patet
1438 2440 1543 2480 hisce
1571 2443 1629 2480 te-

259 2513 466 2554 stimoniis:
508 2513 619 2563 Diog.
657 2513 700 2553 L.
735 2513 783 2562 X,
820 2514 887 2552 39:
935 2513 995 2554 Τὰ
1040 2514 1111 2567 μὲν
1138 2513 1212 2568 γὰρ
1241 2512 1406 2565 σώματα
1433 2513 1489 2562 αῖς
1523 2513 1630 2555 ἔστιν

259 2585 358 2638 αὐτῇ
387 2585 414 2638 ἤ
440 2588 634 2637 αἴσθησις
660 2585 729 2626 ἐπὶ
741 2581 903 2626 πάντων
928 2590 1134 2641 μαρτυρεῖ.
1156 2608 1203 2614 -
1224 2586 1322 2627 Ibid.
1349 2587 1416 2627 31:
1444 2585 1629 2641 κριτήρια
