1968 2859
320 249 398 289 ctio
442 244 592 289 incerta
635 248 685 288 ab
726 248 939 288 editoribus
977 259 1139 298 prorsus
1185 249 1380 289 contrario
1415 248 1529 288 modo
1578 247 1699 297 expli-

320 315 410 353 cata
437 312 500 351 sit.
508 311 545 361 ²⁸⁶)

384 516 413 556 ³⁸)
446 515 617 548 Particula
639 514 744 556 „n0n“
768 515 802 546 in
823 524 900 547 mss.
924 514 1036 555 deest,
1067 524 1163 555 quam
1185 515 1242 547 alii
1270 515 1485 556 supplendam
1520 524 1594 548 esse
1623 524 1698 548 cen-

444 572 583 601 suerunt
609 572 685 599 ante
719 566 871 608 „multis“
901 571 975 608 cet.‚
1008 576 1047 598 ac
1069 567 1098 599 si
1121 567 1237 600 Cicero
1265 567 1409 608 poemati
1432 572 1537 600 artem
1557 571 1697 600 tantum-

446 620 543 653 modo
568 620 772 661 attribuerit3
794 619 851 652 alii
866 629 945 652 vero
964 623 1041 652 ante
1064 619 1226 662 „multae“
1250 624 1322 660 cet„
1344 624 1443 662 prout
1464 630 1597 653 carmen
1618 620 1698 653 viris

445 673 528 714 ipsis
551 677 607 705 aut
628 673 802 713 placuerat
824 676 881 704 aut
903 672 937 703 in
960 682 999 704 eo
1022 672 1126 713 magis
1149 672 1318 713 ingenium
1339 673 1392 705 vel
1420 677 1525 705 artem
1547 673 1699 706 admirati

445 729 550 759 erant.
593 726 684 765 Quae
707 734 781 757 cum
803 724 849 756 ita
871 724 952 765 sint,
983 728 1109 756 certum
1132 724 1302 757 Ciceronis
1324 724 1499 766 iudicium,
1526 725 1698 767 negatione

443 787 480 811 re
513 787 593 810 vera
625 777 762 818 omissa,
793 786 834 809 ex
868 776 936 809 illis
958 777 1070 811 verbis
1093 777 1250 821 colligere
1272 786 1339 814 non
1359 777 1449 814 licet,
1492 778 1536 809 At
1557 777 1698 810 fortasse

443 830 544 867 lectio
565 829 660 870 talis,
688 828 797 871 qualis
823 829 858 861 in
879 838 957 862 mss.
982 829 1167 869 iuvenitur,
1194 829 1329 865 tertiam
1348 830 1476 870 patitur
1495 829 1698 872 explanatio-

444 892 520 915 nem
553 886 587 914 et
613 882 662 913 ita
691 881 841 922 quidem,
875 885 910 913 ut
944 881 1029 913 nihil
1056 881 1276 922 supplendum
1302 881 1355 916 sit.
1413 882 1485 922 Qua
1511 882 1698 915 conditione

442 935 563 976 posita,
586 934 639 966 cui
661 933 827 974 particula
850 933 1000 975 „tamen“
1025 933 1235 966 difficultates
1257 943 1389 966 movere
1411 934 1552 976 videtur,
1574 935 1603 968 is
1627 944 1699 967 eam

442 985 693 1028 interpretando
716 986 890 1027 explanari
912 995 1012 1027 posse
1035 990 1183 1027 reputet,
1207 986 1336 1018 etiamsi
1358 987 1491 1028 negatio
1513 997 1579 1020 non
1601 986 1696 1020 adsit.

443 1040 615 1081 Ingenium
644 1038 732 1071 enim
761 1043 794 1071 et
821 1049 875 1071 ars
906 1039 940 1070 in
970 1042 1117 1071 veterum
1149 1039 1371 1071 Romanorum
1406 1039 1540 1081 scriptis
1574 1040 1698 1081 saepis-

443 1093 524 1124 sime
555 1092 708 1132 opposita
729 1092 961 1131 inveniuntur,
993 1092 1051 1123 ubi
1079 1092 1243 1131 oppositio
1273 1092 1346 1132 ipsa
1374 1092 1481 1124 minus
1510 1092 1620 1125 valida
1642 1103 1698 1133 ap-

443 1147 556 1184 paret,
580 1153 683 1184 quam
704 1147 740 1178 ut
761 1142 920 1183 alterum,
942 1143 1047 1175 altero
1071 1143 1216 1184 excluso,
1237 1147 1366 1177 tantum
1388 1143 1575 1181 affirmetur.
1619 1144 1699 1176 Ger-

440 1196 572 1232 manica
590 1196 694 1237 igitur
715 1195 828 1236 lingua
850 1196 960 1227 locum
987 1196 1035 1229 ita
1057 1196 1321 1236 interpretabor:
1359 1196 1443 1238 „Die
1466 1196 1618 1238 Gesange
1640 1196 1699 1234 des

442 1248 480 1281 L.
507 1240 618 1280 haben
644 1247 845 1288 allerdings,
878 1248 939 1279 wie
967 1248 1021 1279 Du
1051 1248 1114 1280 mir
1143 1248 1325 1288 schreibst,
1358 1248 1444 1280 viele
1474 1248 1699 1280 Lichtfunken

442 1299 685 1333 dichterischer
706 1299 845 1340 Anlage‚
869 1299 1020 1332 dennoch
1044 1300 1128 1332 auch
1150 1299 1236 1332 viele
1259 1299 1399 1332 Kunst.“

504 1353 576 1393 Quo
603 1351 700 1385 modo
730 1352 759 1384 si
788 1353 955 1393 explicata
981 1352 1125 1393 habent,
1162 1362 1246 1393 quae
1275 1352 1517 1394 approbentur,
1554 1352 1698 1394 „ingenii

439 1403 585 1436 lumina“
619 1407 710 1435 certe
745 1404 787 1435 ad
820 1404 910 1435 luoos
945 1408 1118 1444 spectant,
1155 1405 1272 1444 quales
1305 1409 1382 1436 sunt
1412 1405 1551 1444 Epicuri
1581 1405 1698 1438 laudes

440 1455 621 1498 pluresque
636 1454 890 1497 descriptiones,
915 1455 1010 1498 „ars“
1034 1466 1113 1489 vero
1128 1465 1202 1490 cum
1223 1455 1265 1490 ad
1286 1455 1387 1489 totius
1409 1456 1565 1491 carminis
1585 1456 1697 1499 dispo-

441 1509 595 1542 sitionem
629 1514 700 1542 tum
738 1509 781 1542 ad
818 1509 974 1541 virtutem
1011 1509 1181 1542 metricam
1220 1508 1382 1549 imprimis
1423 1508 1601 1544 referenda
1637 1513 1696 1542 est.

439 1562 580 1597 Minime
622 1561 710 1593 enim
748 1560 981 1593 obliviscamur
1021 1565 1159 1602 oportet,
1183 1566 1217 1593 et
1250 1560 1406 1593 Lucretio
1444 1560 1697 1597 conflictandum

439 1614 544 1647 fuisse
579 1623 653 1647 cum
687 1623 837 1646 sermone
871 1614 1022 1647 versibus
1060 1614 1261 1646 hexametris
1298 1613 1406 1646 minus
1443 1612 1562 1646 idoneo
1598 1617 1695 1655 atque

438 1666 583 1699 nondum
616 1666 860 1698 accommodato
902 1671 935 1699 et
972 1667 1098 1698 nullam
1134 1670 1224 1698 certe
1256 1676 1327 1698 rem
1359 1666 1498 1706 Epicuri
1535 1665 1695 1707 dogma-is

440 1718 586 1751 exilibus
616 1722 716 1759 atque
746 1719 923 1752 exsiccatis
958 1719 1098 1751 carmini
1127 1719 1236 1751 minus
1271 1722 1381 1759 aptam
1415 1717 1558 1750 inveniri
1585 1727 1694 1759 posse.

439 1772 510 1811 Quo
531 1771 633 1811 igitur
653 1771 841 1804 testimonio
863 1771 967 1804 libros
992 1771 1053 1813 „de
1075 1782 1186 1806 rerum
1208 1770 1345 1805 natura“
1368 1770 1564 1811 aequalibus
1586 1771 1696 1812 magni

438 1824 594 1865 ponderis
637 1827 736 1864 atque
774 1824 931 1857 momenti
969 1825 1084 1865 fuisse,
1118 1829 1259 1866 apparet
1281 1833 1320 1858 eo
1352 1823 1572 1864 potissimum,
1605 1822 1695 1866 quod

438 1886 551 1908 eorum
573 1880 689 1908 auctor
711 1885 896 1908 sermonem
919 1876 983 1908 sibi
1005 1877 1177 1917 proprium
1200 1877 1372 1908 effinxerat
1400 1876 1558 1916 novisque
1581 1874 1694 1907 multis

437 1928 610 1962 ditaverat.
654 1929 859 1970 Argumenta
881 1932 990 1961 autem
1012 1929 1241 1971 philosophica
1271 1938 1353 1970 quae
1381 1928 1548 1968 inessent,
1575 1927 1693 1959 Roma-

437 1992 554 2014 norum
587 1985 678 2013 certe
711 1981 819 2013 minus
850 1982 1010 2014 intererat
1041 1982 1098 2014 illo
1124 1985 1285 2023 tempore,
1315 1991 1379 2022 quo
1403 1981 1590 2015 Stoicorum
1620 1988 1694 2012 sen-

436 2034 562 2067 tentiae
584 2043 739 2075 magnum
761 2033 967 2067 eruditorum
995 2044 1167 2067 numerum
1195 2034 1354 2067 tenebant
1383 2038 1417 2066 ct
1438 2033 1567 2074 Cicero,
1594 2032 1693 2067 unius

437 2087 634 2128 disciplinae
656 2088 845 2129 praeceptis
873 2097 939 2120 non
968 2087 1158 2128 adstrictus,
1188 2088 1354 2122 Romanos
1384 2086 1543 2122 docuerat
1570 2085 1693 2128 ubisune

437 2140 572 2181 eligere,
602 2149 686 2179 quae
717 2141 836 2180 cuique
864 2140 989 2180 optima
1017 2140 1220 2174 viderentur.
1244 2140 1425 2174 Praeterea
1453 2138 1494 2174 de
1517 2138 1617 2172 rebus
1641 2147 1693 2173 oc-

436 2191 629 2224 cultissimis
651 2191 755 2223 multa
775 2191 1006 2232 philosophari
1028 2192 1251 2224 Romanorum
1272 2200 1440 2237 nunquam
1462 2195 1543 2225 erat.
1576 2190 1693 2224 cicero

434 2248 554 2284 autem,
578 2243 664 2284 quod
687 2253 728 2276 ex
744 2245 816 2276 eius
838 2244 945 2284 libris,
967 2243 1128 2285 imprimis
1145 2254 1186 2276 ex
1209 2244 1337 2277 duobus
1365 2244 1419 2276 his
1452 2243 1493 2276 de
1513 2246 1580 2277 nat.
1601 2242 1691 2277 deor.

434 2301 468 2329 et
495 2296 536 2329 de
567 2296 621 2330 fin.
649 2297 724 2330 bon.
755 2301 797 2331 et.
825 2297 900 2330 mal.
933 2297 1065 2329 abunde
1092 2297 1205 2338 colligi
1234 2297 1323 2337 licet,
1352 2296 1493 2337 Epicuri
1519 2296 1692 2330 doctrinae

433 2349 683 2383 inimicissimus
706 2349 764 2390 ita,
786 2353 822 2382 ut
844 2349 896 2382 vel
919 2349 991 2382 eius
1015 2349 1056 2382 de
1079 2350 1226 2391 Epicuro
1248 2349 1372 2383 iudicia
1387 2352 1483 2382 caute
1498 2347 1693 2390 recipienda

432 2402 618 2443 videantur,
642 2402 852 2442 auctoritate,
877 2412 941 2445 qua
963 2402 1052 2444 apud
1074 2403 1232 2444 aequales
1256 2402 1528 2445 posterioresque
1550 2402 1691 2443 valebat,

432 2456 559 2488 animos
582 2455 683 2488 rebus
706 2465 727 2488 a
748 2455 904 2488 Lucretio
927 2456 1079 2488 tractatis
1100 2455 1191 2488 haud
1213 2455 1364 2490 faventes
1386 2454 1588 2490 reddiderat.
1621 2455 1692 2487 Nec

432 2517 511 2541 vero
534 2511 616 2550 erat,
647 2517 749 2550 quare
771 2507 954 2549 Epicurum
980 2507 1132 2540 versibus
1163 2507 1364 2543 illustratum
1391 2517 1592 2549 magnopere
1621 2508 1691 2540 lau-

432 2561 535 2602 daret,
568 2571 643 2594 cum
676 2572 717 2594 ex
749 2561 888 2602 Epicuri
923 2561 1055 2603 scriptis
1088 2562 1171 2603 ipsis
1203 2561 1305 2594 totius
1337 2561 1429 2594 illius
1462 2561 1690 2603 philosophiae

431 2614 652 2655 cognitionem
672 2614 808 2647 haurire
831 2613 862 2645 ei
884 2613 1011 2647 liceret.
