1968 2859
287 664 405 746 Quae
457 693 644 733 hactenus
700 693 952 733 tractavimus
969 723 978 741 ,
1044 694 1255 743 praecipua
1316 691 1556 733 atomisticae

184 762 408 818 disciplinae
441 778 465 806 a
500 764 682 806 Lucretio
714 763 931 806 illustratae
968 762 1157 817 dogmata
1182 767 1222 806 et
1252 762 1306 806 ‘de
1342 769 1557 807 atomorum

183 836 324 880 natura
350 840 436 890 ipsa
463 842 502 878 et
527 839 577 878 de
605 837 998 890 rationibus‚³quibus
1025 844 1088 894 res
1108 825 1321 881 efficiantur
1349 843 1389 879 et
1416 840 1556 880 dissol-

184 916 334 961 vantur,
362 913 446 952 visa
472 915 574 951 sunt.
628 907 753 951 Multa
780 915 886 952 certe
912 914 1071 962 praeter
1097 912 1175 961 illa,
1210 921 1309 963 quae
1336 913 1463 961 attuli,
1492 922 1559 952 ex-

183 989 289 1026 stant
316 984 537 1026 testimonia
564 985 736 1035 singulas
758 985 957 1025 doctrinae
982 988 1115 1036 partes
1134 984 1380 1034 illustrantia,
1410 991 1509 1036 quae
1536 991 1561 1025 a

182 1071 242 1100 me
270 1059 412 1099 omissa
438 1070 561 1107 nemo,
591 1059 738 1109 opinor,
765 1058 859 1099 mihi
886 1059 994 1099 dabit
1019 1059 1124 1108 vitio,
1154 1059 1220 1110 qui
1247 1060 1287 1099 in
1309 1070 1352 1099 re
1371 1059 1558 1109 copiosis-

183 1134 281 1173 sima
292 1133 471 1184 angustis
488 1138 550 1172 me
565 1130 706 1172 finibus
724 1130 977 1173 constrictum
990 1131 1177 1173 benevolo
1190 1133 1317 1173 animo
1330 1133 1558 1183 respexerit.

180 1208 316 1259 Neque
343 1206 437 1247 mihi
463 1206 661 1248 vindicare
688 1203 814 1254 velim,
840 1207 1019 1247 omnibns
1038 1210 1156 1258 atque
1184 1204 1357 1257 singulis,
1386 1212 1491 1258 quae
1509 1205 1558 1247 de

182 1281 319 1320 atomis
347 1280 442 1329 ipsis
469 1280 510 1318 in
527 1279 698 1319 Lucretii
725 1279 834 1318 libris
862 1282 1019 1320 exstant
1043 1281 1275 1328 sententiae,
1303 1292 1329 1320 a
1353 1291 1417 1320 me
1441 1280 1558 1320 sat-is·-

181 1352 326 1394 factum
354 1364 451 1402 esse,
480 1364 602 1403 quare
629 1352 741 1393 facile
768 1352 909 1403 aliquis
937 1353 1159 1394 desiderata
1184 1353 1350 1394 fortasse
1377 1353 1560 1394 nonnulla

184 1427 374 1476 suppleat.
427 1426 587 1475 Restat,
625 1430 685 1474 ut,
722 1438 822 1476 quae
850 1438 897 1466 ex
932 1427 992 1465 his
1028 1427 1145 1466 rebus
1181 1427 1383 1477 exquisitis
1410 1439 1560 1467 summa

183 1502 382 1550 appareat,
410 1499 581 1539 breviter
608 1499 852 1549 complectar.

287 1572 480 1613 Credibile
524 1576 604 1622 est,
646 1573 868 1613 Lucretium
909 1575 948 1612 in
985 1573 1145 1623 Epicuri
1188 1574 1341 1623 placitis
1384 1574 1434 1613 de
1473 1577 1557 1613 ato-

183 1658 332 1687 morum
358 1650 510 1696 natura,
539 1647 690 1687 ratione
717 1647 768 1686 ad
790 1650 1000 1697 praecepta
1018 1647 1104 1698 ipsa
1122 1646 1265 1696 habita,
1293 1647 1387 1687 nihil
1406 1648 1558 1687 omnino

183 1723 353 1759 mutasse
366 1751 375 1768 ,
418 1720 508 1770 quia
544 1721 672 1760 omnia
708 1720 859 1770 singula
894 1732 981 1760 cum
1015 1732 1062 1759 ex
1087 1720 1249 1770 Epicuri
1276 1715 1450 1771 reliquiis
1477 1724 1559 1760 tum

184 1805 230 1833 ex
254 1793 338 1833 aliis
358 1794 602 1844 antiquitatis
632 1793 887 1844 scriptoribus
902 1794 1062 1844 Epicuri
1085 1794 1268 1844 dogmata
1284 1795 1448 1836 inveniri
1467 1806 1558 1845 pos-

184 1869 285 1906 sunt.
318 1867 419 1915 Quin
446 1867 563 1907 etiam
591 1867 631 1906 in
659 1867 909 1917 argumentis,
944 1867 1082 1917 quibus
1117 1867 1333 1909 sententiae
1360 1868 1558 1908 illustran-

184 1942 260 1988 tur,
289 1943 329 1980 et
355 1940 395 1980 in
422 1941 648 1989 rationibus,
678 1941 817 1991 quibus
843 1940 1078 1990 probantur,
1113 1953 1136 1981 a
1162 1942 1349 1991 magistro
1376 1940 1470 1983 nihil
1496 1954 1557 1981 re-

184 2013 299 2063 cedit,
340 2016 531 2064 quatenus
572 2026 593 2054 e
634 2014 804 2054 fontibus
845 2015 958 2054 modo
999 2015 1126 2054 citatis
1163 2014 1295 2055 itidem
1330 2015 1559 2056 concludere

184 2088 292 2136 licet3
327 2089 553 2139 saepissime
581 2089 664 2129 eius
693 2100 819 2129 sermo
847 2089 998 2129 nonnisi
1030 2100 1138 2129 mera
1165 2089 1436 2139 interpretatio
1464 2091 1557 2140 Epi-

185 2161 267 2201 curi
311 2161 517 2201 verborum
562 2173 648 2202 esse
685 2162 849 2202 videtur.
918 2163 1010 2202 Veri
1048 2163 1280 2202 simillimum
1322 2163 1441 2212 igitur
1486 2166 1558 2212 est,

183 2237 308 2276 totum
334 2235 507 2276 Lucretii
533 2247 690 2286 poema,
720 2236 823 2286 quod
849 2236 992 2276 attinet
1017 2237 1067 2276 ad
1094 2237 1220 2276 omnia
1248 2240 1288 2277 et
1315 2237 1468 2287 singula
1494 2249 1558 2277 ar-

184 2311 377 2359 gumenta,
392 2320 549 2353 vmeram
576 2309 735 2358 Epicuri
763 2309 947 2348 librorum
974 2309 1334 2359 interpretationem
1361 2311 1558 2349 metricam

184 2393 280 2431 esse,
318 2394 403 2422 cum
432 2382 531 2430 illae,
562 2394 661 2433 quae
695 2383 977 2433 comparandae
1012 2383 1173 2433 Epicuri
1201 2383 1389 2434 reliquiae
1417 2383 1559 2423 adsunt

184 2455 347 2496 maxima
373 2467 460 2495 cum
494 2455 570 2495 fide
607 2456 657 2495 ad
684 2455 843 2495 verbum
870 2456 1047 2496 redditae
1075 2457 1164 2495 sint.
1223 2456 1346 2506 Saepe
1374 2457 1556 2505 rationes,
1631 2449 1634 2452 ’

185 2529 323 2581 quibus
351 2528 557 2569 Lucretius
587 2529 799 2569 sententias
836 2529 994 2579 probat,
1030 2529 1155 2569 minus
1189 2528 1321 2569 firmae
1349 2533 1388 2569 et
1415 2533 1556 2578 rectae,

185 2615 299 2653 quam
327 2614 426 2652 quae
453 2603 501 2641 ad
540 2614 603 2641 res
643 2602 862 2651 probandas
897 2604 1064 2650 valeant,
1094 2606 1317 2650 occurrunt;
1347 2615 1432 2642 cum
1465 2615 1557 2643 vero
