1968 2859
332 215 380 260 11,
405 217 490 267 100:
519 218 580 262 „et
593 224 843 281 ‘quaecunque
867 216 984 262 magis
1008 217 1192 253 condenso
1218 217 1411 253 conciliatu

521 272 689 320 „exiguis
712 273 918 310 intervallis
942 277 1121 311 convecta
1143 275 1333 321 resultant,

466 368 470 369 ⁷
521 329 782 380 „indupedita-⁴¹
783 331 859 367 suis
883 332 1067 378 perplexis
1091 332 1173 378 ipsa
1196 332 1333 386 figuris,

520 388 656 434 „haec
659 388 803 424 validas
828 389 906 424 saxi
929 387 1073 425 radices
1098 392 1135 425 et
1159 390 1238 426 fera
1262 390 1350 426 ferri

504 446 698 493 ¹„corpora
722 447 946 483 constituunt
970 449 1007 483 et
1031 449 1155 486 cetera
1179 447 1225 484 de
1249 459 1384 499 genere
1408 448 1536 485 horum

519 505 714 550 „pauculm
739 515 833 549 quae
858 515 967 549 porro
991 515 1161 550 magnum
1184 516 1251 550 per
1273 505 1381 541 inane
1405 508 1585 551 vagantur

520 564 679 608 „cetera‚
705 561 889 598 dissiliunt
911 562 1021 607 longe
1046 562 1229 608 longeque
1253 565 1442 598 recursant

521 619 581 665 „in
605 619 747 665 magnis
772 619 992 665 intervallis3
1018 619 1110 655 haec
1135 623 1222 655 aera
1245 630 1365 656 rarum

520 670 724 722 „sufficiunt
747 676 854 712 nobis
879 679 915 712 et
946 676 1139 722 splendida
1162 677 1299 713 lumina
1324 675 1449 713 solis.“

389 760 513 804 Porro
549 765 615 804 illo
647 765 761 804 modo
798 765 890 805 licet
916 765 1152 814 intelligere,
1190 767 1229 804 in
1266 778 1343 805 una
1380 766 1592 816 eademque
1620 778 1662 805 re

270 841 466 878 *concreta
493 850 570 877 non
595 839 717 878 solum
746 841 894 878 atomos
923 838 1036 877 unius
1056 841 1207 877 tantum
1234 839 1400 888 generis,
1428 838 1543 878 immo
1571 850 1663 878 vero

284 912 324 951 in
353 923 585 963 unaquaque
613 914 762 952 atomos
798 911 967 962 plurium
1003 918 1187 962 generum
1215 912 1420 961 contineri,
1459 912 1663 952 dummodo

285 980 430 1034 genera
463 981 549 1034 ipsa
584 985 662 1023 sint
694 985 976 1024 consociabilia.
1039 976 1161 1032 Quam
1205 986 1435 1024 sententiam
1476 985 1665 1034 praebent

287 1070 442 1110 quoque
468 1057 582 1098 haec:

301 1154 331 1199 1,
357 1154 439 1189 196:
488 1155 552 1199 „ut
574 1152 842 1198 potiusmultis
866 1137 1068 1189 communia
1092 1163 1246 1198 corpora
1269 1139 1414 1189 r'ebusf‘

285 1222 333 1269 11,
357 1223 445 1260 581:
475 1221 590 1268 „illud
613 1221 651 1257 in
674 1220 733 1257 his
758 1221 988 1268 obsignatum
1013 1232 1159 1268 quoque
1183 1222 1293 1258 rebus
1317 1221 1460 1258 habere

475 1275 669 1325 „convenit
692 1282 728 1315 et
750 1280 899 1315 memori
923 1280 1131 1315 mandatum
1155 1282 1274 1315 mente
1298 1282 1434 1324 tenere,

474 1336 551 1384 „nil
575 1346 667 1383 esse,
691 1336 729 1372 in
751 1338 919 1383 promptu
944 1347 1096 1383 quorum
1120 1338 1250 1373 natura
1274 1336 1430 1383 videtur,

453 1410 456 1413 ·
474 1396 601 1441 „quod
623 1406 759 1440 genere
782 1395 820 1429 in
844 1406 916 1430 uno
943 1395 1120 1431 consistat
1143 1395 1401 1440 principiorum

475 1463 567 1499 „nec
593 1452 801 1498 quicquam,
827 1451 926 1497 quod
949 1462 1022 1487 non
1046 1451 1224 1498 p‘ermixto
1250 1452 1386 1488 semine
1402 1451 1587 1493 constetf‘
1637 1488 1639 1490 ,

288 1533 335 1573 cf.
366 1533 396 1580 I,
425 1532 523 1580 894;
552 1532 603 1580 ΙΙ,
630 1531 706 1570 667
736 1542 843 1581 seqq.

391 1606 519 1645 Variis
547 1608 678 1645 autem
704 1608 921 1645 atomorum
943 1604 1150 1654 generibus
1170 1605 1383 1645 commixtis
1412 1607 1515 1644 vires
1542 1605 1664 1645 facul·-

289 1684 487 1730 tatesque,
523 1690 620 1729 quas
657 1690 721 1718 res
758 1682 962 1718 concretae
1000 1679 1106 1735 varie
1135 1678 1365 1726 ostendunt,
1402 1679 1665 1719 aestimandae
1696 1702 1698 1704 -

289 1756 398 1803 sunt,
435 1753 491 1793 ita
518 1756 579 1801 ut,
616 1764 692 1803 quo
718 1752 758 1791 in
785 1751 902 1792 rebus
930 1752 1044 1802 plura
1072 1752 1276 1793 commixta
1302 1755 1393 1792 sunt
1419 1764 1581 1803 genera,
1619 1764 1664 1793 eo

288 1827 495 1867 validiores
531 1837 665 1865 earum
697 1826 866 1865 evadant
901 1826 1003 1864 vires
1046 1837 1091 1865 ac
1133 1825 1360 1874 facultates,
1399 1838 1484 1865 cum
1516 1820 1590 1865 hae
1625 1827 1664 1865 in

289 1904 504 1941 atomorum
531 1902 672 1940 natura
698 1899 784 1949 ipsa
811 1899 890 1939 sint
916 1899 1036 1947 sitae3
1066 1899 1113 1963 de
1141 1899 1212 1940 hac
1239 1911 1283 1939 re
1311 1900 1426 1940 docet
1451 1903 1570 1950 poeta

335 1997 383 2043 11,
406 1997 494 2034 586:
523 1997 585 2041 „et
608 1995 851 2041 quodcunque
875 1994 993 2040 magis
1016 1992 1076 2030 vis
1096 1995 1229 2031 multas
1253 1995 1418 2041 possidet
1440 1995 1478 2030 in
1502 2006 1542 2058 se

524 2056 658 2098 „atque
681 2055 895 2098 potestates,
918 2053 970 2088 ita
994 2054 1171 2098 plurima
1173 2053 1431 2098 principiorum

524 2111 585 2156 „in
610 2120 691 2147 sese
715 2121 853 2155 genera
877 2121 920 2146 ac
943 2110 1065 2146 varias
1090 2110 1199 2146 docet
1223 2121 1304 2146 esse
1329 2110 1477 2156 figuras.
1479 2108 1501 2128 “

393 2201 446 2240 At
471 2211 542 2250 per
569 2211 612 2240 se
639 2200 888 2250 pelspicuum
915 2203 992 2248 est,
1030 2200 1074 2238 in.
1098 2199 1271 2250 qualibet
1297 2210 1340 2239 re
1368 2202 1549 2240 concreta
1575 2199 1666 2240 licet
1731 2222 1733 2224 -

288 2275 455 2315 maxima
481 2277 631 2314 atomos
659 2273 829 2313 infinitas
857 2274 984 2313 inesse
1012 2285 1087 2313 non
1114 2273 1249 2323 posse,
1287 2274 1386 2313 sicut
1423 2284 1444 2313 e
1472 2274 1665 2314 contrario

289 2361 444 2400 quoque
485 2360 638 2398 semper
677 2347 764 2387 finis
807 2359 936 2388 rerum
980 2348 1236 2388 secandarum
1280 2351 1418 2387 exstat.
1463 2371 1509 2376 —
1553 2349 1665 2396 Quod

288 2423 402 2463 modo
430 2423 534 2463 docti
561 2433 706 2470 sumus,
736 2422 875 2472 cuique
902 2422 959 2462 rei
986 2417 1094 2461 varia
1113 2425 1328 2460 atomorum
1355 2433 1499 2470 genera
1525 2422 1666 2469 inesse,

289 2496 392 2536 idem
420 2495 529 2535 nobis
556 2495 702 2534 indicat
735 2506 909 2543 causam,
947 2506 1025 2544 qua
1050 2494 1240 2543 homines,
1278 2494 1475 2542 animalia,
1510 2494 1667 2543 plantae

289 2570 446 2610 alantur
473 2571 513 2609 et
540 2574 728 2618 crescant,
756 2581 845 2609 nam
1072 2570 1076 2575 '
