1968 2859
1555 111 1618 159 ,39
1660 114 1673 128 .

236 210 465 272 κόπτοντος·
506 214 596 257 οὔτε
632 217 706 270 γὰρ
739 217 791 272 w}
825 215 954 270 βάρεα
975 219 1136 257 ,θᾶττον
1170 211 1422 267 οἰσθήσεται’”
1439 220 1518 256 τῶν
1551 231 1617 266 μι-
1647 258 1649 261 ⁴

241 292 346 342 κριῦν
372 290 438 329 καὶ
465 287 637 343 κούφων,
665 288 758 331 ὅταν
784 289 828 341 γε
856 288 904 341 δὴ
932 280 1057 340 μηδὲν
1083 287 1241 341 ἀπαντᾷ
1267 275 1415 336 αὐτοῖς·
1448 287 1618 348 οὕτετά

237 362 365 416 ’μικρὰ
398 368 478 403 τῶν
513 360 711 414 μεγάλων,
755 359 884 403 πάντα
920 360 1045 416 πόρον
1072 360 1296 416 σύμμετρον
1323 360 1482 413 ἔχοντα,
1524 361 1617 421 ὅταν

233 435 361 487 μηδὲν
395 434 488 487 μήδ’
522 435 689 482 ἐκείνοις
725 431 938 488 ἀντικόπτῃ
981 433 1071 474 οὔθ’
1107 433 1132 485 ἠ
1168 432 1248 475 ἄνω
1285 433 1381 475 οὔθ’.
1414 433 1440 486 ἠ
1474 435 1533 482 εἰς
1565 424 1616 476 ‘zo

241 504 409 560 πλάγιον
436 509 505 549 διὰ
531 514 609 549 τῶν
635 505 834 562 κρούσεων
861 508 969 562 φορὰ
996 506 1087 548 οὔθ’
1111 506 1137 559 ἦ
1158 506 1265 548 κάτω
1292 508 1367 549 du}-
1388 513 1467 548 τῶν
1504 508 1617 548 ἰδίων

241 580 411 635 βάρ(,«1ν.“
470 582 566 620 Τ11111
603 583 650 621 de
686 585 813 621 motus
841 581 1043 621 celeritate
1064 582 1155 630 *ipsa
1182 581 1358 630 adiungit
1388 581 1532 630 paullo,
1558 581 1616 620 in-

242 655 380 702 ferius,
423 667 506 693 eam
534 656 633 695 κατὰ
660 655 727 695 τὸν
761 651 969 704 ἐλάχιστον
1006 659 1151 713 συνεχῆ
1187 653 1327 708 χρόνον
1358 666 1471 701 esse,
1518 667 1618 704 quae

242 727 361 767 verba
387 728 579 767 sententia
606 728 692 775 alia,
722 739 836 777 quam
866 727 948 766 loco
977 728 1039 767 cit.
1060 728 1111 766 46
1141 727 1187 767 de
1213 727 1430 767 simulacris
1457 727 1619 777 loquens

242 801 402 850 profert,
431 801 694 840 illustrantur:
722 803 787 841 καὶ
812 801 890 852 μήν
917 802 982 841 καὶ
1003 799 1119 853 ἠ.διά
1146 806 1217 841 τοῦ
1244 806 1360 841 κενοῦ
1369 801 1493 856 ,φορὰ
1520 802 1619 842 κατὰ

242 875 440 926 μηδεμίαν
468 872 689 927 ἀπάντησιν
722 880 801 915 τῶν
835 871 1136 928 (ἱντικοψάντων
1163 875 1348 926 γινομένη
1384 879 1465 915 πᾶν
1492 879 1617 926 μῆκος

241 948 486 1002 περιληπτὸν
521 948 562 988 ἐν
599 945 846 1002 ἀπερινοήτῳ
879 946 1006 1002 χρόνῳ
1034 950 1223 988 συντελεῖ·
1268 946 1628 1001 βραδύτητόςγᾶρ
1675 970 1679 974 ·

241 1022 306 1061 καὶ
345 1019 489 1071 τάχους
524 1020 716 1074 ἀντικοπῇ
751 1022 817 1061 καὶ
855 1020 927 1061 οὐκ
962 1020 1155 1074 ἀντικοπῇ
1191 1019 1385 1079 οἱαοίωμοιι
1409 1019 1616 1078 λαμβάνει.

345 1095 404 1133 De
445 1094 568 1133 altera
609 1098 736 1133 autem
773 1098 901 1133 motus
935 1105 1087 1143 causa„
1105 1105 1225 1143 quam
1263 1093 1380 1132 talem
1417 1094 1619 1132 constituit

239 1168 443 1217 Epicurus,
474 1171 517 1206 ut
545 1179 590 1207 ea
617 1169 716 1207 ictus
738 1168 923 1217 plagaeve
947 1167 1165 1217 gignantur,
1195 1166 1308 1216 (miro
1327 1167 1441 1222 modo
1464 1164 1616 1216 inepi-

241 1241 342 1281 stola
364 1242 413 1281 ad
430 1241 683 1289 Herodotum,
716 1241 778 1281 ubi
798 1241 990 1291 Epicurus
1017 1241 1266 1291 gravissimas
1295 1240 1495 1280 doctrinae
1522 1251 1617 1280 suae

241 1316 451 1353 sententias
485 1316 701 1354 summatIm
744 1316 980 1364 explanavit,
1023 1316 1070 1353 de
1106 1315 1178 1353 hac
1215 1327 1257 1353 re
1284 1315 1413 1364 magni
1437 1315 1615 1364 profecto

240 1388 421 1427 momenti
451 1388 542 1427 nihil
569 1388 793 1438 reperitur,)
830 1388 968 1428 iterum
996 1388 1197 1427 audiamus
1226 1388 1450 1427 Ciceronem
1471 1388 1530 1430 =de
1550 1388 1616 1430 fin.

241 1462 271 1508 I,
300 1461 386 1510 §19
413 1462 452 1499 in
479 1462 688 1510 Epicurum
717 1462 978 1500 invehentem:
1016 1462 1187 1512 „Deinde
1214 1462 1354 1500 ibidem
1382 1462 1495 1501 homo
1524 1473 1615 1501 acu-

243 1539 330 1585 „tus
358 1546 443 1573 cum
471 1534 565 1572 illud
601 1538 843 1582 occurreret,
882 1535 914 1573 si
949 1535 1076 1573 omnia
1110 1534 1289 1573 deorsum
1318 1546 1338 1573 e
1366 1535 1525 1584 regione
1559 1534 1616 1574 fe-

243 1611 403 1659 „rantur
437 1611 497 1656 et,
540 1611 583 1646 ut
617 1608 713 1656 dixi,
756 1608 805 1647 ad
839 1608 999 1659 lineam,
1041 1619 1237 1658 nunquam
1270 1607 1353 1647 fore
1385 1611 1435 1662 ut
1465 1613 1617 1647 atomus

244 1681 390 1731 „altera
418 1681 578 1719 alteram
604 1682 729 1729 possit
755 1682 968 1730 attingere;
997 1682 1128 1730 itaque
1157 1682 1289 1720 attulit
1316 1693 1396 1720 rem
1425 1693 1616 1720 commen-

244 1754 416 1805 „ticiamz
460 1754 652 1793 declinare
680 1754 776 1793 dixit
803 1758 971 1793 atomum
999 1754 1239 1803 perpaulum,
1269 1765 1344 1803 quo
1373 1754 1464 1792 nihil
1491 1755 1618 1804 ‘possit

244 1827 349 1877 „fieri
368 1828 514 1874 minus3
543 1828 599 1866 ita
627 1828 724 1866 effici
752 1828 1032 1876 complexiones
1061 1832 1108 1866 et.
1128 1828 1391 1876 copulationes
1414 1831 1452 1866 et
1470 1828 1616 1874 adhae-¹

244 1900 467 1951 „sitationes
506 1904 721 1939 atomorum
754 1901 856 1939 inter
892 1912 951 1948 se,
994 1912 1040 1938 ex
1083 1912 1158 1949 quo
1200 1899 1415 1938 efficeretur
1448 1900 1616 1939 mundus

244 1986 475 2024 „omnesque
504 1978 635 2022 partes
663 1974 806 2021 mundi,
836 1986 1013 2023 quaeque
1037 1974 1077 2011 in
1108 1985 1153 2011 eo
1182 1973 1347 2012 essent.“
1384 1973 1430 2012 cs.
1460 1974 1508 2012 de
1537 1973 1617 2013 fato

242 2047 340 2096 §22
369 2050 408 2085 et
434 2048 601 2086 46—48.
657 2047 837 2086 Ceterum
874 2047 976 2096 quod
1005 2046 1139 2085 Cicero
1177 2047 1224 2084 ob
1262 2047 1359 2085 hanc
1397 2058 1477 2085 rem
1514 2059 1615 2086 com-

241 2121 457 2158 menticiam
493 2125 569 2158 tam
607 2120 854 2158 vehementer
887 2124 1021 2158 contra
1056 2120 1266 2168 Epicurum
1301 2124 1469 2178 pugnat,
1512 2124 1617 2158 certe

242 2205 317 2233 non
354 2193 552 2243 cogitavit,
594 2193 805 2242 Epicurum
841 2204 916 2231 non
951 2193 1096 2232 minore
1131 2193 1213 2232 iure
1254 2192 1326 2232 hoc
1362 2196 1617 2232 commentum

242 2279 327 2306 esse
356 2279 469 2316 quam
499 2267 624 2305 varias
653 2273 868 2305 atomorum
896 2266 1041 2315 figuras
1079 2267 1251 2315 aliasque
1281 2278 1412 2305 earum
1440 2267 1616 2315 proprie-

242 2344 354 2379 tates.
412 2341 510 2378 Tota
547 2340 646 2377 enini
684 2340 766 2378 eius
803 2340 980 2378 doctrina
1016 2340 1142 2378 causis
1181 2351 1222 2378 re
1260 2351 1351 2378 vera
1385 2352 1460 2378 non
1496 2340 1617 2388 magis

241 2413 415 2463 probatis
453 2413 671 2452 continetur
705 2416 744 2451 et
778 2413 826 2451 ad
864 2412 1065 2451 arbitrium
1101 2412 1319 2462 excogitata
1355 2416 1426 2451 est.
1486 2414 1618 2462 Pergit

242 2489 369 2524 autem
398 2486 551 2523 Cicero:
590 2486 709 2534 „Nam
738 2486 767 2521 si
798 2496 928 2522 omnes
958 2486 1074 2522 atomi
1104 2486 1361 2532 declinabunt,
1390 2487 1517 2524 nullae
1545 2498 1616 2523 un-

244 2571 381 2609 „quam
420 2558 711 2605 cohaerescent;
754 2557 812 2596 sin
849 2557 947 2596 aliae
981 2558 1245 2606 declinabunt,
1288 2557 1385 2597 aliae
1423 2570 1492 2597 suo
1520 2561 1617 2597 nutu
