1968 2859
1539 122 1541 124 >
1588 98 1616 147 6

237 202 372 251 oritur,
399 205 530 242 utrum
556 202 773 247 Lucretius·
790 203 830 241 in
857 203 917 255 iis,
946 194 1048 258 quae
1065 203 1254 252 magistro
1279 203 1521 255 placuerunt,‘
1549 203 1615 242 e'x-
1671 252 1674 256 .

236 266 423 316 ponendis
451 262 728 315 suum'ipsius‘
746 261 929 313 iudicium
958 258 1259 314 secutus,·illi1is
1287 260 1469 315 dogmata
1494 264 1616 305 libere

237 329 505 379 explicaverit,
542 337 592 367 an
625 338 766 378 graeca
799 328 942 368 latinis
967 332 1118 382 tantum
1155 328 1297 376 litteris
1334 329 1616 378 interpretatus

236 392 298 431 sit.
353 391 453 439 Quid
489 401 581 429 vero
615 391 828 440 putandum
860 392 929 439 sit,
970 391 1163 430 statimsi
1191 391 1240 429 ad
1272 391 1443 430 Lucretii
1460 391 1617 446 *poema

235 454 509 504 perlegendum
537 464 747 503 aggressus
776 454 869 501 eris,
908 454 990 492 eius
1026 454 1149 503 ipsius
1186 453 1305 492 verba
1342 456 1380 492 te
1408 454 1615 501 docebunt,

237 516 303 567 qui
330 515 507 566 protinus
545 516 584 554 in
612 515 720 554 initio
747 515 850 555 haud
879 516 995 555 dubie
1033 527 1074 554 se
1102 506 1279 566 magistri
1306 516 1472 565 vestigia
1499 527 1614 555 accu-

235 583 320 619 rate
348 582 524 620 secutum
551 591 637 618 esse
665 578 881 619 confitetur.
936 580 1079 628 Quanti
1114 579 1221 619 illum
1248 578 1403 628 fecerit,
1441 579 1615 628 eximiae,

235 654 332 692 quas
360 642 540 692 Epicuro·
557 642 734 691 impertit
760 643 907 691 laudes,
936 645 1143 682 testantur.
1198 642 1256 681 Cf.
1284 642 1318 690 I,-
1344 643 1516 690 62—803
1544 643 1641 699 111„

236 706 383 754 1--29;
412 705 459 753 V,
489 705 637 752 1-573
680 706 748 753 VI,
780 707 919 745 1—40.
975 706 1116 744 Mirum
1144 708 1274 744 autem
1303 705 1475 753 videtur,
1512 706 1616 756 quod

234 764 464 818 magistrum.
502 779 573 807 suo
609 768 767 818 proprio
810 768 964 808 nomine
1005 780 1081 808 non
1122 765 1195 807 nisi
1235 779 1312 807 uno
1352 771 1503 811 tantum
1529 769 1613 808 loco
1687 809 1691 813 ,

219 826 321 880 (111,
351 831 471 880 1040)
500 831 772 880 appellaverit;
811 835 853 870 at
887 832 1105 881 ubicunque
1144 831 1317 882 „graium
1351 830 1498 877 vi1·um‘.‘
1528 825 1614 870 lau-⁶

234 892 345 932 dibu's
379 892 511 942 effert,
552 905 629 932 non
664 897 724 933 est
758 894 1033 942 dubitandum,
1075 894 1168 943 quin
1202 893 1414 943 Epicurum
1460 905 1614 944 semper

159 963 166 967 ’
232 956 436 1011 intelligat.
493 957 639 1004 Quibus
674 957 790 996 rebus
825 958 991 1006 cognitis
1024 968 1102 995 non
1135 957 1251 1006 longe
1284 956 1509 1005 abhorreat,
1547 957 1613 1007 qui

232 1018 455 1065 Lucretium
481 1019 680 1068 putaverit
707 1018 780 1058 sibi
807 1019 961 1058 minime
989 1019 1159 1058 auctoris
1195 1018 1380 1058 honorem
1408 1031 1613 1069 arrogasse

234 1085 275 1120 et
302 1082 358 1120 in·
377 1082 645 1132 philosophiae
671 1082 891 1131 praeceptis
919 1094 943 1120 a
969 1082 1147 1131 magistri
1183 1082 1360 1121 doctrina
1385 1094 1521 1131 parum
1548 1095 1610 1122 re—

234 1145 414 1185 cessisse.
460 1146 589 1194 Atque
618 1145 658 1183 in
686 1145 746 1193 iis,
776 1156 875 1194 quae
903 1149 993 1184 sunt
1012 1145 1209 1184 doctrinae
1228 1143 1490 1193 fundamenta,
1517 1145 1612 1184 nihil

232 1208 396 1255 omnino,
424 1210 469 1245 ut
494 1207 595 1246 infra
622 1208 669 1246 de
701 1208 870 1257 physicis
906 1207 1145 1257 probabitur,
1173 1209 1338 1246 mut-avit
1363 1211 1501 1257 poeta;
1539 1208 1609 1247 ali·

231 1275 292 1309 ter
319 1269 486 1309 fortasse
506 1271 739 1310 censendum
768 1273 828 1309 est
855 1271 903 1309 de
930 1270 1059 1318 rebus,
1090 1282 1189 1320 quae
1216 1271 1255 1309 in
1283 1270 1498 1320 explicandi
1525 1282 1611 1310 mu-

230 1344 321 1373 nere
351 1333 658 1373 accommodatae
687 1334 980 1383 applicataeque
1015 1336 1123 1381 sunt;
1167 1334 1297 1384 itaque
1325 1333 1438 1374 facile
1466 1334 1608 1384 aliquis

230 1396 427 1444 coniiciat,
465 1396 637 1435 Lucretii
673 1397 795 1445 pestis
831 1396 1129 1445 descriptionem
1157 1397 1196 1434 in
1223 1396 1299 1435 fine
1326 1396 1414 1435 libri
1442 1396 1497 1435 VI
1524 1408 1611 1436 cum

230 1450 316 1508 illa,
354 1471 455 1509 quae
491 1460 594 1509 apud
623 1459 886 1509 Thucydidem
916 1459 1061 1508 legitur
1088 1471 1332 1509 comparans,
1370 1462 1610 1509 quantopere

229 1522 291 1562 vel
319 1522 405 1561 aliis
441 1525 561 1571 poeta
595 1525 753 1571 praeter
789 1522 949 1572 Epicuri
987 1522 1133 1571 scripta
1165 1533 1259 1561 usus
1288 1523 1358 1569 sit3
1399 1523 1499 1561 unde
1525 1522 1610 1561 fieri

229 1588 380 1636 potest,
418 1588 462 1625 ut
496 1589 726 1635 argumenta
766 1585 814 1625 ab
848 1585 1019 1635 Epicuro
1056 1585 1106 1624 ad
1142 1586 1354 1625 sententias
1390 1585 1610 1635 probandas

229 1649 383 1698 prolata
423 1649 615 1688 nonnullis
662 1650 770 1688 novis
807 1649 961 1688 aliunde
996 1650 1160 1698 sumptis
1203 1650 1357 1688 auxerit
1389 1649 1608 1691 Lucretius.

230 1712 315 1759 Qua
342 1714 390 1752 de
417 1723 460 1751 re
488 1715 597 1752 certa
625 1713 861 1752 constituere
898 1712 1077 1751 nimirum
1104 1711 1365 1768 difficillimum
1401 1715 1478 1761 est,
1518 1713 1610 1763 quin

231 1775 348 1814 etiam
382 1769 467 1813 fieri
504 1786 580 1814 non
616 1778 767 1824 potest,
805 1786 892 1814 cum
927 1775 1086 1824 Epicuri
1122 1775 1328 1824 reliquiae,
1375 1787 1471 1824 quas
1506 1776 1609 1825 apud

229 1838 445 1887 Diogenem
472 1837 671 1876 Laertium
707 1838 943 1892 invenimus,
981 1838 1158 1876 exiliores
1196 1839 1291 1885 sint,
1328 1838 1442 1887 longe
1479 1843 1609 1878 autem

229 1901 394 1940 maxima
427 1900 615 1939 librorum
651 1912 742 1950 pars
780 1901 1000 1950 deperdita;
1038 1900 1140 1939 unde
1174 1900 1351 1939 refellere
1379 1912 1455 1940 non
1482 1901 1608 1951 possis
1643 1924 1646 1926 -

233 1974 333 2011 eum,
371 1962 437 2013 qui
464 1962 687 2002 Lucretium
715 1964 842 2002 omnia
870 1967 910 2003 et
937 1963 1088 2013 singula
1115 1974 1162 2002 ex
1189 1964 1348 2013 Epicuri
1376 1964 1609 2013 scriptorum

230 2026 375 2077 copia,
395 2026 560 2076 exempli
593 2026 737 2076 gratia,
776 2038 875 2076 quae
911 2026 960 2065 ad
994 2037 1057 2065 res
1091 2026 1273 2076 physicas
1309 2027 1522 2076 pertinent,
1560 2039 1609 2067 ex

231 2090 391 2140 triginta
427 2092 575 2139 septem
612 2090 659 2129 de
703 2101 832 2129 rerum
867 2092 1008 2128 natura
1040 2089 1295 2129 voluminibus
1328 2090 1394 2140 (cf.
1422 2090 1534 2140 Diog.
1562 2091 1605 2129 L.

229 2153 278 2202 X,
308 2153 347 2203 7)
377 2150 587 2202 deperditis
614 2153 850 2203 prompsisse
879 2153 1098 2192 contendat.
1158 2144 1163 2148 ”

334 2237 564 2286 Ubicunque
583 2237 704 2285 igitur
723 2237 762 2275 in
781 2237 864 2276 eius
884 2236 1115 2277 carminibus
1135 2236 1295 2285 legitur:
1328 2247 1487 2288 „versus
1511 2248 1607 2287 quos

234 2310 329 2352 „ego
344 2299 392 2339 de
413 2310 542 2339 rerum
558 2302 698 2338 natura
710 2310 880 2349 pangere
900 2298 1039 2338 conor“
1057 2299 1165 2347 1‚25‚
1195 2299 1255 2337 vel
1277 2299 1493 2349 „disserere
1511 2299 1606 2339 inci-

230 2362 355 2413 piam“
377 2363 407 2410 I,
435 2362 486 2402 55
502 2366 541 2401 et
560 2363 713 2411 saepius
734 2362 904 2414 „docui,“
922 2362 1017 2402 haec
1033 2363 1159 2401 omnia
1186 2362 1241 2401 ita
1259 2362 1483 2411 accipienda
1503 2365 1605 2411 sunt,

231 2419 276 2455 ut
287 2420 404 2465 poeta
419 2426 460 2454 se
473 2415 733 2464 Romanorum
753 2415 929 2465 primum,
950 2415 1015 2464 qui
1032 2415 1125 2453 talia
1140 2414 1378 2462 tractaverit,
1398 2418 1606 2464 nuncupet,

234 2480 350 2534 „avia
357 2478 552 2517 Pieridum
566 2489 779 2527 peragrans
794 2478 879 2518 loca
892 2478 1034 2516 nullius
1050 2481 1140 2517 ante
1157 2477 1249 2516 trita
1263 2476 1381 2518 so10.“
1400 2476 1447 2524 cf.
1462 2478 1498 2525 I,·
1517 2478 1605 2518 926.

231 2542 339 2589 Quae
366 2541 494 2590 opinio
522 2541 610 2580 libri
638 2540 745 2579 tertii
763 2541 873 2579 initio
892 2539 1137 2589 apertissime
1157 2540 1430 2589 comprobatur
1456 2540 1604 2579 verbis:
