1968 2859
297 127 301 132 “
363 120 421 158 ‚Q

369 224 444 278 (niu
469 226 536 265 καὶ
565 225 719 277 πληγὴν
745 230 816 278 τῆς
843 225 941 278 ὕλης
977 225 1149 279 ἀνάγκην
1177 228 1328 279 Myer-’⁴‘
1378 227 1469 266 ibid.
1498 228 1570 267 25:
1621 225 1751 268 πάντα

369 298 413 337 δὲ
449 297 533 338 κατ’
569 294 779 350 ἀνάγκην.“
836 299 942 338 Stob.
971 300 1040 338 ec‘l.
1069 300 1180 349 phys.
1210 301 1240 348 Ι,
1279 301 1341 348 14,
1372 302 1415 340 l:
1459 296 1752 355 ,,(Δημόκριτος

311 403 315 407 .
368 371 417 412 τὰ
452 370 616 423 σἰιὶματα
653 372 776 424 λέγει)
818 377 1020 413 κινεῖσθαι
1068 373 1108 412 δὲ
1156 373 1239 414 κατ’
1274 373 1567 426 ἅλληλοτυπίαν
1612 373 1654 414 ἐν
1696 379 1753 426 τῷ

368 442 560 497 ἅπεῖρῳ,“
611 445 661 482 ib.
693 445 753 492 19,
784 447 827 483 1:
874 444 1126 498 Δημόκριτος
1153 445 1196 486 ἓν
1222 448 1333 498 γένος
1360 444 1553 498 κινήσεως
1579 447 1624 486 τὸ
1652 447 1751 487 κατὰ

369 517 528 567 παλμὸν
564 516 819 572 ἀπεφαίνετο·
830 519 852 536 “
908 518 990 558 Hac
1026 519 1065 557 in
1101 520 1258 575 testium
1288 520 1334 558 de
1364 532 1440 559 una
1468 520 1680 570 eademque
1708 531 1751 558 re

368 590 630 638 discrepantia
662 590 890 628 Brandisius
928 591 1033 640 (pag.
1062 592 1155 640 311)
1183 595 1314 640 putat,
1352 598 1565 631 atomorum
1592 595 1750 638 motum,

370 664 435 712 qui
488 664 707 703 necessario
750 676 797 702 ex
838 669 1051 704 atomorum
1094 666 1294 715 inanisque
1342 666 1570 705 exsistentia
1616 677 1748 705 mana-

369 736 490 782 verit,
532 737 571 774 in
613 736 716 774 inani
754 748 801 774 ex
835 740 995 774 aete-no
1037 740 1209 786 tempore
1246 750 1268 776 a
1305 739 1524 776 Democrito
1562 741 1751 776 statutum

369 810 507 856 fuisse,
537 813 695 858 praeter
722 821 834 859 quem
862 814 1008 849 motum
1036 812 1271 860 primitivum
1299 812 1418 858 alter,
1448 823 1561 861 quem
1590 810 1750 850 dicimus

370 882 594 930 relativum,
638 882 719 921 ictu
760 882 953 932 gignatur.
1021 883 1095 922 Sed
1135 884 1235 923 unde
1272 885 1373 924 ictus
1410 884 1535 923 faetus
1569 885 1665 923 est?
1700 907 1752 912 —

369 957 603 997 Mullachius
652 957 757 1005 (pag.
799 957 892 1005 381)
940 962 1066 996 motus
1109 959 1225 1006 duOS,
1273 959 1438 997 alterum
1481 959 1750 1006 universalem,

368 1030 535 1068 alterum
580 1030 813 1079 singularem
855 1030 1078 1079 distinguit,
1121 1042 1283 1080 quorum
1322 1032 1428 1080 prior
1465 1031 1514 1069 ad
1551 1032 1751 1069 universas

370 1107 519 1143 atomos
562 1104 781 1152 pertinens,
840 1103 1054 1143 vibratione
1097 1105 1274 1156 (παλμῷ)
1318 1109 1357 1144 et
1400 1105 1588 1154 vertigine
1630 1103 1753 1158 (δίνῃ)

370 1179 554 1226 tanquam
591 1176 858 1215 instrument-is
900 1180 1012 1215 utens
1047 1183 1088 1215 et
1124 1189 1171 1215 ex
1206 1180 1364 1215 aeterno
1393 1180 1566 1226 tempore
1595 1181 1751 1216 exstans

370 1242 599 1299 principium
638 1251 881 1289 necessitatis
919 1248 1101 1302 (ἀνάγκη)
1140 1262 1220 1289 Sive
1249 1250 1369 1289 fatum
1398 1250 1653 1303 (εἱμαρμένη)
1683 1262 1751 1289 no-

366 1325 545 1364 minatus,
575 1324 646 1372 sit,
690 1324 884 1373 posterior
920 1327 1049 1363 autem
1083 1325 1133 1363 ad
1171 1324 1341 1374 singulas
1384 1329 1531 1363 atomos
1572 1327 1752 1373 spectans

370 1410 446 1437 non
473 1398 626 1437 interna
653 1398 690 1436 vi
718 1400 872 1447 genitus
901 1398 969 1437 sed
998 1399 1237 1437 extrinsecus
1263 1401 1421 1437 aeterno
1449 1398 1563 1447 pulsu
1592 1397 1753 1437 effeetus

370 1471 432 1510 sit.
489 1471 566 1510 Sed
595 1471 665 1510 hac
695 1472 964 1520 explanatione
993 1483 1055 1510 res
1075 1472 1164 1510 sere
1193 1472 1304 1510 nimis
1335 1471 1543 1510 artificiose
1572 1472 1753 1520 expedita

372 1538 536 1583 videtur.
593 1544 773 1583 Forsitan
803 1556 864 1583 res
894 1545 1073 1593 ambigua
1101 1545 1236 1583 maiori
1264 1545 1510 1593 simplicitate
1538 1544 1609 1583 hoc
1633 1545 1752 1583 modo

365 1618 569 1657 enucleari
594 1621 739 1667 potest.
800 1619 927 1657 Atomi
955 1630 1025 1667 per
1054 1630 1095 1657 se
1124 1630 1199 1658 non
1227 1622 1441 1666 moventur,
1472 1619 1563 1668 quia
1590 1618 1753 1657 materia

370 1703 441 1740 per
468 1703 510 1730 se
538 1691 642 1730 iners
671 1692 848 1730 habenda
875 1695 946 1731 est.
994 1692 1141 1731 Deinde
1171 1695 1214 1730 ut
1241 1691 1419 1730 movendi
1447 1691 1610 1730 facultas
1639 1690 1752 1738 adsit,

370 1765 548 1803 ino-vendi
576 1765 755 1813 medium,
784 1769 828 1803 ut
847 1766 901 1803 ita
921 1766 1056 1812 dicam,
1086 1766 1222 1803 adesse
1251 1765 1380 1812 debet,
1410 1765 1513 1813 quod
1541 1768 1600 1802 est
1627 1764 1753 1811 inane,

370 1839 503 1888 itaque
531 1841 658 1877 motus
687 1839 836 1877 nonnisi
867 1851 913 1878 ex
942 1840 1081 1878 atomis
1110 1839 1290 1888 inanique
1320 1838 1534 1877 coniunctis
1568 1837 1752 1877 exoritur.
1799 1871 1802 1875 .

371 1912 467 1950 Cum
509 1915 638 1951 autem
680 1916 719 1950 et
754 1912 871 1950 atomi
907 1916 947 1950 et
984 1913 1086 1950 inani
1124 1915 1283 1950 aeterna
1321 1915 1499 1956 constent
1533 1922 1659 1960 neque
1696 1911 1754 1949 vis

372 1986 451 2025 ulla
478 1986 539 2025 vel
576 1985 805 2034 efficacitas,
849 1992 948 2036 quae
986 1986 1023 2024 in
1061 1986 1242 2025 universo
1278 1986 1353 2024 sita
1381 1997 1455 2024 non
1484 1985 1553 2033 sit,
1592 1985 1754 2034 cogitari

372 2062 505 2108 possit,
535 2064 662 2097 motus
692 2061 757 2108 qui
786 2071 828 2097 re
856 2071 948 2096 vera
978 2063 1123 2105 exstat,
1163 2060 1249 2108 δίνη
1280 2071 1303 2096 a
1331 2060 1552 2097 Democrito
1581 2059 1752 2096 nomina-

367 2137 454 2181 tus,
497 2137 536 2172 et
571 2133 789 2173 necessario
828 2137 1009 2171 aeternus
1048 2136 1119 2171 est.
1178 2130 1253 2171 Sed
1288 2131 1363 2170 iam
1393 2131 1613 2181 quaeritur,
1657 2142 1753 2181 quo-

370 2207 492 2245 modo
511 2206 605 2245 fiant
634 2207 782 2257 πληγαὶ
812 2207 877 2245 καὶ
906 2205 1158 2254 (inmundam
1188 2205 1251 2242 ubi
1280 2205 1581 2251 reminiscamur,
1610 2204 1752 2242 Demo-

371 2263 509 2320 critum
556 2280 695 2319 atomis
739 2279 922 2318 tribuisse
964 2279 1073 2317 varia
1114 2278 1306 2335 pondera,
1354 2289 1478 2327 neque
1520 2281 1668 2325 tamen,
1712 2281 1754 2316 ut

373 2355 566 2403 Epicurus
594 2354 709 2401 fecit,
752 2353 864 2390 simul
893 2356 1038 2390 motum
1068 2352 1288 2401 graviorum
1312 2352 1579 2400 leviorumque
1607 2354 1755 2390 atomo-

373 2440 456 2466 rum
485 2440 609 2476 aeque
639 2428 801 2466 celerem
831 2426 1034 2472 statuisse;
1064 2427 1195 2474 itaque
1224 2425 1461 2471 habebimus
1492 2437 1567 2474 qua
1594 2437 1637 2464 re
1665 2425 1754 2464 illae

372 2484 519 2552 πληγὰὶ
540 2502 606 2540 καὶ
635 2499 865 2541 &memmiae
894 2499 1114 2547 gignantur,
1144 2499 1291 2537 scilicet
1319 2510 1365 2537 ex
1394 2499 1511 2537 variis
1538 2502 1754 2537 atomorum

372 2561 620 2624 ponderibus.
