1968 2859
349 222 424 269 Qui
461 222 568 263 locus
605 224 810 273 perplexus
848 227 965 274 atque
1001 225 1206 265 abstrusus
1232 228 1277 265 ut
1301 225 1558 275 intelligatur,
1596 224 1725 264 confe—

348 307 480 335 ramus
500 299 665 345 oportet,
695 305 794 347 quae
813 296 913 336 infra
932 297 979 337 de
1005 298 1123 337 variis
1142 301 1357 339 atomorum
1374 297 1509 349 figuris
1537 298 1728 347 explicata

349 372 451 408 sunt.
491 371 652 408 Atomus
689 370 820 421 aliqua
853 370 979 420 figura
1012 371 1189 420 praedita
1223 373 1377 411 minime
1412 372 1617 423 cogitanda
1654 374 1725 419 est,

349 453 394 482 ac
433 443 466 480 si
507 447 613 482 esset
647 447 832 492 punctum
869 445 970 483 omni
1007 446 1226 484 extentione
1259 457 1420 492 carens;
1462 457 1483 484 e
1520 445 1726 492 contrario,

349 516 524 564 quamvis
562 515 613 554 sit
646 527 848 564 perparva,
891 519 1035 555 certam
1080 521 1207 555 tamen
1248 518 1550 566 magnitudinem
1587 517 1729 556 habeat

347 599 506 627 necesse
534 592 614 635 est,
650 601 735 628 cum
764 590 849 638 ipsa
875 589 1022 639 figurae
1050 592 1155 629 notio
1184 591 1443 630 extentionem
1470 594 1617 640 poscat.
1657 591 1726 630 At-

347 664 475 700 tamen
503 662 552 699 ob
578 661 676 701 hanc
704 665 900 701 extentam
928 666 1105 702 naturam
1132 668 1263 713 partes
1292 675 1367 702 non
1400 664 1536 711 habet,
1572 664 1641 703 sed
1668 664 1726 702 in-

348 734 527 774 secabilis
546 739 760 784 permanet.
780 737 966 785 Exemplo
986 748 1049 776 res
1068 737 1345 777 illustrabitur:
1367 741 1458 776 sunt
1477 749 1535 777 ex.
1553 749 1588 787 g.
1609 737 1727 776 atomi

347 808 536 857 quaedam
564 809 771 858 angulatae
800 810 858 848 vel
887 810 1039 859 angulis
1067 810 1290 859 praeditae;
1332 810 1422 848 talis
1456 821 1549 848 vero
1577 812 1727 848 atomus

347 882 532 931 angulata
568 883 787 922 necessario
824 883 942 922 habet
977 886 1058 922 tres
1093 886 1137 922 ut
1172 884 1228 922 ita
1264 883 1389 923 dicam
1427 884 1538 933 quasi
1581 886 1726 933 partes,

347 954 495 993 scilicet
522 955 670 1004 apicem
698 955 852 1005 duoque
880 956 1022 1003 latera,
1061 967 1159 1005 quae
1196 967 1266 1005 per
1300 967 1342 994 se
1376 967 1418 994 re
1452 967 1545 994 vera
1572 956 1727 1005 quidem

344 1031 477 1077 partes
506 1041 581 1068 non
610 1033 702 1069 sunt
728 1041 854 1079 neque
881 1030 1042 1070 invicem
1080 1030 1253 1079 separari
1286 1033 1462 1079 possunt,
1498 1030 1603 1081 (nam
1631 1030 1723 1080 quid

346 1105 451 1140 esset
482 1106 633 1140 atomus
669 1103 864 1151 angulata,
903 1104 1012 1151 apice
1050 1103 1111 1141 vel
1140 1114 1215 1141 uno
1244 1103 1366 1141 latere
1395 1103 1604 1151 adempto?
1644 1103 1727 1141 eius

346 1177 485 1214 natura
513 1175 666 1214 sublata
693 1178 818 1222 esset3
862 1175 1019 1224 insuper
1047 1175 1136 1214 talis
1165 1175 1333 1215 conditio
1361 1176 1490 1225 posita
1524 1186 1611 1215 cum
1638 1179 1725 1215 ato-

344 1260 492 1288 morum
521 1248 748 1287 immutabili
777 1252 894 1299 atque
922 1249 1119 1289 insecabili
1140 1253 1279 1288 natura
1297 1253 1490 1299 pugnaret
1503 1250 1529 1300 ;)
1558 1252 1728 1288 attamen

343 1333 413 1371 per
449 1322 663 1372 analogiam
701 1322 748 1361 de
776 1322 892 1361 rebus
922 1323 1112 1362 concretis
1147 1322 1406 1372 desumptam,
1443 1322 1507 1372 (cf.
1543 1321 1656 1362 Lucr.
1693 1322 1726 1371 Ι,

346 1396 497 1436 749-52
525 1388 565 1435 et
592 1396 703 1446 Diog.
734 1396 863 1435 Laert.
892 1397 939 1443 X,
969 1396 1036 1446 58)
1068 1408 1144 1445 qua
1171 1399 1386 1436 atomorum
1406 1399 1583 1435 naturam
1611 1396 1725 1435 intel-

344 1469 520 1517 ligamus,
554 1470 671 1508 atomi
700 1469 759 1508 his
788 1470 899 1519 quasi
928 1470 1104 1518 partibus
1132 1470 1333 1518 praeditae
1362 1469 1595 1518 cogitatione
1624 1480 1725 1508 com-

343 1542 641 1591 prehendendae
669 1545 770 1582 sunt.

449 1616 596 1663 Quibus
625 1617 745 1665 igitur
771 1616 994 1665 praemissis
1031 1616 1173 1663 locum,
1212 1616 1261 1655 de
1289 1627 1365 1665 quo
1395 1616 1540 1664 agitur,
1577 1615 1635 1653 ita
1661 1615 1721 1653 in-

345 1690 500 1741 telligo;
538 1690 650 1738 Quod
679 1696 891 1730 extremum
920 1691 1092 1740 corporis
1120 1690 1290 1730 concreti
1319 1692 1390 1737 est,
1423 1689 1460 1728 h.
1490 1701 1523 1728 e.
1552 1691 1723 1731 atomum

345 1763 393 1802 ob
421 1764 653 1812 parvitatem
682 1775 841 1803 cernere
869 1764 990 1802 oculis
1018 1775 1093 1801 non
1122 1764 1307 1801 valemus.
1335 1763 1443 1801 Haec
1463 1773 1554 1800 vero
1574 1765 1726 1800 atomus

346 1837 431 1876 sine
459 1837 636 1887 partibus
666 1841 794 1877 exstat
821 1841 860 1876 et
887 1838 1041 1876 minima
1067 1840 1205 1876 natura
1233 1839 1404 1884 constat,
1431 1838 1602 1875 attamen
1629 1834 1729 1885 cogi-

346 1910 467 1948 tanda
494 1922 570 1948 non
598 1913 669 1957 est,
699 1922 744 1949 ac
773 1911 806 1948 si
835 1914 939 1949 esset
966 1913 1150 1959 punctum
1178 1909 1491 1949 mathematicum
1518 1909 1619 1946 omni
1646 1919 1727 1946 am-

344 1984 429 2023 bitu
456 1984 770 2033 dimensioneque
797 1984 962 2032 privata,
1001 1983 1068 2022 sed
1106 1994 1148 2021 re
1183 1994 1276 2021 vera
1304 1982 1563 2021 extentionem
1592 1993 1726 2031 quam-

346 2068 460 2107 quam
498 2057 691 2096 minimam
726 2057 911 2106 possidet.
950 2056 1071 2095 Cuius
1107 2055 1340 2095 extentionis
1374 2055 1485 2105 quasi
1517 2057 1649 2104 partes
1678 2054 1726 2094 ob

345 2132 463 2170 atomi
500 2131 736 2170 soliditatem
777 2131 996 2170 individuae
1033 2133 1124 2169 sunt
1167 2141 1395 2179 semperque
1439 2133 1572 2177 emnt;
1610 2130 1728 2168 atomi

344 2204 465 2254 ipsae,
503 2204 650 2254 primae
684 2206 723 2243 et
760 2204 896 2244 unicae
936 2214 1064 2242 rerum
1101 2206 1247 2252 partes,
1289 2202 1454 2252 amplius
1496 2201 1615 2241 dividi
1651 2213 1727 2240 non

345 2281 522 2328 possunt,
560 2278 629 2317 sed
665 2279 704 2317 in
741 2281 869 2316 atomo
899 2277 1065 2327 quadam
1098 2277 1230 2325 plures
1257 2277 1369 2325 quasi
1395 2279 1527 2325 partes
1556 2276 1658 2314 inter
1685 2287 1727 2315 se

346 2352 519 2392 eiusdem
548 2354 710 2390 naturae
739 2350 974 2400 cogitatione
1003 2349 1386 2399 comprehendendae
1413 2349 1530 2388 atomi
1548 2352 1725 2388 naturam

345 2426 512 2475 explent.
550 2425 626 2464 Per
659 2436 701 2463 se
736 2435 829 2463 sane
868 2426 1065 2473 nequeunt
1102 2426 1280 2462 constare
1315 2423 1404 2461 illae
1442 2423 1553 2471 quasi
1580 2426 1725 2471 partes,

346 2511 434 2539 cum
462 2498 509 2538 ob
538 2498 656 2537 atomi
685 2497 918 2537 soliditatem
946 2497 1108 2535 invicem
1138 2495 1273 2535 revelli
1300 2506 1376 2535 non
1395 2495 1566 2544 possint;
1594 2496 1726 2545 itaque

347 2585 524 2624 quaeque
553 2576 716 2620 atomus,
753 2572 863 2611 cuius
898 2571 1010 2620 quasi
1042 2574 1175 2619 partes
1212 2569 1417 2618 artissime,
1454 2570 1511 2610 ita
1543 2573 1587 2609 ut
1613 2570 1726 2610 inane
