1968 2859
918 227 985 299 ΙΙ.

646 347 715 389 DE
743 346 890 388 INANI
917 346 1035 395 SIVE
1064 346 1258 389 SPATIO.

371 471 543 512 Lucretii
572 471 879 521 explanationem
906 471 1117 521 longiorem
1144 472 1192 511 de
1211 475 1427 511 atomorum
1445 471 1639 523 parvitate

266 532 468 587 sententiis
496 546 544 585 de
572 545 675 585 inani
702 546 992 586 antecedentem
1019 546 1095 585 iam
1118 549 1420 596 praetereamus,
1449 558 1547 595 cum,
1574 545 1641 586 ubi

266 621 314 660 de
356 620 441 659 aliis
482 623 696 658 atomorum
736 619 1040 668 proprietatibus
1081 619 1346 658 disserendum
1388 622 1468 667 est,
1518 619 1640 669 multo

266 692 395 743 aptius
423 692 629 734 inserenda
655 692 843 732 videatur.

371 766 491 805 Omne
520 765 622 815 quod
650 768 778 804 exstat
805 765 1037 813 universum,
1080 765 1142 804 cui
1170 775 1256 804 esse
1282 776 1353 814 per
1394 776 1435 803 se
1463 767 1503 803 et
1529 763 1569 803 in
1596 774 1638 803 se

264 839 463 889 proprium
491 840 552 877 est
578 841 695 888 atque
722 838 911 887 convenit,
948 849 1024 877 non
1059 839 1098 877 in
1133 837 1296 877 materia
1331 837 1392 876 vel
1428 838 1467 876 in
1502 837 1640 877 atomis

266 912 358 950 solis
387 912 584 958 consistit;
613 912 682 951 sed
709 915 866 960 praeter
893 912 979 950 illas
1008 912 1142 959 altera,
1171 915 1215 950 ut
1242 912 1318 950 iam
1345 923 1464 960 supra
1490 913 1639 950 monui-

265 995 362 1033 mus,
391 984 561 1024 universi
588 995 678 1034 pars
706 984 828 1033 adest,
866 984 969 1035 quod
1004 985 1115 1024 inane
1154 972 1335 1024 {meamus
1364 983 1444 1023 sive
1472 983 1640 1035 spatium

265 1058 461 1106 locusque.
489 1057 587 1096 Nam
614 1069 700 1096 cum
726 1057 891 1096 materia
918 1061 1056 1105 exstet,
1091 1058 1210 1104 locus,
1244 1058 1282 1095 in
1311 1068 1386 1106 quo
1415 1057 1477 1104 sit,
1505 1067 1639 1096 neces-

266 1131 368 1170 sario
396 1130 627 1180 postulatur,
670 1130 816 1171 scilicet
842 1131 898 1171 ita
923 1130 1185 1182 philosophus,
1215 1129 1279 1181 qui
1308 1130 1435 1169 omnia
1462 1129 1638 1170 sensibus

265 1203 417 1256 probat,
446 1204 635 1253 postulat:

283 1299 312 1346 1,
337 1300 426 1338 329:
476 1300 577 1345 „Neo
602 1302 722 1334 tamen
746 1298 905 1344 undique
931 1310 1107 1344 corporea
1130 1298 1265 1344 stipata
1286 1301 1455 1334 tenentur

475 1356 618 1403 „omnia
641 1358 787 1403 natura3
811 1367 965 1402 namque
991 1358 1048 1391 est
1070 1356 1108 1391 in
1132 1356 1242 1391 rebus
1265 1356 1389 1402 inane3

476 1413 599 1460 „quod
624 1414 654 1449 si
679 1424 752 1449 non
776 1416 884 1460 esset,
908 1414 1009 1450 nulla
1032 1414 1174 1450 ratione
1197 1414 1336 1450 moveri

475 1482 559 1517 „res
581 1470 767 1517 possent.“

369 1560 428 1599 De
455 1559 569 1599 huius
597 1563 725 1599 autem
748 1560 871 1599 inanis
890 1563 1031 1600 natura
1049 1572 1072 1599 a
1091 1560 1272 1600 Lucretio
1291 1558 1505 1598 afferuntur
1521 1558 1638 1598 haec:

265 1644 352 1672 esse
388 1633 483 1672 illud
520 1634 750 1683 principium
787 1634 945 1673 cedendi
987 1633 1084 1681 339;
1127 1645 1196 1672 nec
1232 1636 1391 1682 tangere
1428 1644 1498 1672 nee
1532 1632 1641 1682 tangi

266 1717 382 1756 posse
409 1707 498 1755 304,
534 1707 609 1746 437
624 1720 632 1755 ;
669 1709 794 1757 neque
831 1705 986 1747 officere
1022 1718 1148 1757 neque
1176 1706 1331 1746 obstare
1358 1706 1454 1754 3373
1491 1708 1640 1745 atomos

264 1780 306 1818 in
344 1791 389 1818 eo
431 1781 527 1819 sitas
568 1791 653 1819 esse
691 1783 731 1819 et
770 1780 915 1819 moveri
950 1780 1049 1828 421,
1085 1780 1183 1827 4443
1226 1782 1440 1818 atomorum
1477 1782 1640 1819 naturae

266 1853 429 1892 maxime
458 1853 693 1893 contrarium
717 1853 795 1893 503
824 1865 930 1903 seqq.
972 1854 1078 1901 Quae
1105 1853 1363 1903 proprietates
1391 1853 1482 1892 licet
1508 1863 1640 1893 omnes

266 1926 348 1966 fere
376 1927 454 1966 sint
480 1930 524 1967 ut
551 1927 607 1967 ita
625 1927 748 1967 dicam
767 1927 981 1977 negativae,
1011 1930 1140 1967 tamen
1158 1927 1270 1967 inane
1289 1927 1415 1978 ipsum
1433 1926 1641 1980 positivum

267 2000 412 2050 ahquid
440 2005 512 2049 est,
542 2001 603 2040 cui
631 2013 673 2040 re
700 2012 793 2040 vera
820 2012 943 2051 aeque
971 2013 1015 2041 ac
1036 2003 1186 2049 atomis,
1217 2012 1328 2049 „esse
1355 2012 1425 2050 per
1453 2003 1519 2039 se“
1550 2011 1641 2040 con-

267 2074 382 2114 venit.
429 2074 540 2123 Quod
566 2075 622 2114 ita
649 2085 734 2114 esse
762 2074 920 2125 colligas
948 2086 996 2114 ex
1023 2074 1149 2115 hisce:
1185 2073 1354 2116 Primum
1384 2073 1478 2116 dicit
1504 2077 1640 2124 poeta:

269 2152 354 2197 „est
380 2149 540 2197 inane“;
579 2149 716 2188 deinde
743 2149 902 2190 tertium
928 2152 1086 2198 praeter
1111 2148 1313 2197 materiam
1339 2148 1529 2198 inaneque
1556 2159 1642 2187 esse

267 2222 478 2273 quidquam
503 2226 638 2273 negat:

283 2329 312 2375 1,
336 2330 427 2365 419:
476 2328 627 2375 „omnis,
650 2331 692 2364 ut
716 2331 781 2374 est,
806 2328 921 2374 igitur
943 2338 1010 2373 per
1034 2338 1074 2364 se
1098 2329 1229 2363 natura
1252 2326 1395 2363 duabus

476 2387 661 2432 „constitit
684 2387 722 2421 in
745 2387 867 2432 rebus,
891 2383 1152 2431 nam'eorpora
1177 2387 1261 2421 sunt
1284 2387 1322 2420 et
1345 2383 1488 2420 inane“.

283 2464 312 2510 Ι,
336 2466 427 2501 43οε
476 2467 690 2510 „praeterea
713 2464 765 2502 nil
788 2466 856 2511 est,
882 2463 981 2509 quod
1004 2462 1125 2511 possis
1149 2463 1272 2500 dicere
1297 2463 1342 2499 ab
1369 2462 1464 2500 omni

478 2533 652 2568 „corpore
678 2522 879 2559 seiunctum
902 2524 1154 2567 secretumque
1178 2530 1260 2557 esse
1284 2520 1330 2576 ab
1356 2519 1466 2566 inani,

478 2580 602 2627 „quod
625 2579 731 2627 quasi
755 2579 864 2617 tertia
888 2579 937 2615 sit
958 2589 1108 2619 numero
1133 2580 1263 2614 natura
1286 2575 1468 2624 repertast

1346 2635 1395 2675 2*
