1968 2859
377 56 430 123 62

355 221 358 225 .
379 189 427 233 II,
454 189 564 226 1052:
590 188 714 235 „nullo
739 189 811 224 iam
834 190 943 235 pacto
968 188 1046 224 veri
1071 160 1189 225 simile
1213 198 1294 227 esse
1317 188 1514 234 putandum
1539 190 1604 234 est,

589 245 793 294 „undique
799 257 880 281 cum
904 257 1051 287 vorsum
1077 247 1232 292 spatium
1256 245 1364 283 vacet
1393 246 1570 293 infinitum

589 302 822 350 „seminaque
846 303 1033 340 innumero
1057 313 1206 341 numero
1223 309 1438 355 summaque
1462 303 1646 350 profunda

589 360 834 406 „multimodis
859 361 1012 397 volitent
1035 364 1184 400 aeterno
1207 362 1346 407 percita
1374 364 1484 407 motu,

589 418 710 464 „hunc
732 428 842 453 unum
865 421 1042 454 terrarum
1069 419 1193 454 orbem
1217 419 1429 462 coelumque
1453 421 1622 464 creatum,

492 497 514 517 ·.
590 475 664 522 „nil
689 485 800 521 agere
824 475 890 510 illa
914 475 1002 511 foris
1025 478 1080 511 tot
1104 476 1464 522 corpora>materiai3

594 544 700 578 „cum
723 533 938 577 praesertim
962 533 1021 568 hic
1046 534 1093 568 sit
1115 536 1244 568 natura
1267 533 1397 578 factus,
1422 536 1459 569 et
1480 534 1562 578 ipsa

590 592 742 636 „sponte
768 600 834 626 sua
858 590 951 626 forte
976 590 1188 627 offensando
1212 593 1252 626 ut
1277 591 1413 627 semina
1436 602 1556 632 rerum

589 648 833 694 „multimodis
856 651 992 684 temere
1016 649 1053 684 in
1078 659 1220 685 cassum
1243 648 1448 694 frustraque
1473 651 1600 685 coacta

587 705 757 750 „tandem
780 706 971 740 coluerunt
995 716 1051 751 ea,
1077 716 1170 750 quae
1196 708 1373 741 convecta
1396 708 1545 751 repente

591 769 969 808 „magnarum'rerum
993 762 1121 798 fierent
1145 762 1296 799 exordia
1319 773 1473 809 semper,

590 820 734 865 „terrai‚
758 818 868 855 maris
893 822 930 855 et
953 821 1047 856 coeli
1072 821 1290 865 generisque
1316 820 1547 856 animantum.

590 883 728 921 „quare
753 876 863 911 etiam
887 879 998 921 atque
1023 877 1132 912 etiam
1156 877 1240 912 talis
1264 877 1401 914 fateare
1424 887 1575 915 necesse
1601 879 1667 922 est,

589 943 697 978 „esse
721 933 814 969 alios
839 933 927 970 alibi
952 945 1171 979 congressus
1195 935 1370 980 materiai,
1539 952 1541 954 ·

590 990 733 1036 „qualis
756 990 817 1027 hic
842 993 908 1037 est,
923 991 1040 1028 avido
1066 992 1255 1038 complexu
1281 1000 1387 1035 quem
1410 994 1513 1027 tenet
1537 989 1699 1028 aether.“

426 1063 428 1065 ’
485 1079 721 1128 Quibuscum
769 1077 978 1119 sententiis
1007 1068 1164 1130 Epicuri
1207 1080 1466 1131 comparanda
1499 1083 1608 1129 sunt,
1657 1091 1757 1130 quae

380 1157 607 1202 sequuntur.
643 1153 835 1201 Epicurus
864 1153 962 1191 enim
991 1155 1152 1192 eundem
1181 1154 1372 1202 duplicem
1400 1165 1528 1191 rerum
1556 1154 1756 1191 varietatis

385 1236 542 1266 causam
570 1235 655 1265 cum
673 1217 873 1265 Herodoto
894 1224 1159 1266 communicat.
1189 1224 1302 1266 omni
1328 1228 1543 1266 atomorum
1572 1224 1757 1276 qualitate

379 1303 536 1347 praeter
553 1298 711 1347 figuras,
739 1300 1055 1347 magnitudinem,
1084 1300 1314 1348 gravitatem
1333 1303 1486 1348 negata,
1512 1299 1624 1347 Diog.
1645 1299 1688 1336 L.
1708 1299 1756 1345 X,

380 1372 433 1412 54
470 1382 627 1412 causam
661 1370 819 1411 uberius
854 1371 1005 1422 prodit,
1040 1384 1117 1423 qua
1148 1384 1219 1423 pro
1255 1371 1373 1414 variis
1408 1372 1546 1412 atomis
1581 1371 1757 1422 pluribus

380 1446 641 1484 minoribusve
676 1457 738 1484 res
774 1446 936 1484 maxime
974 1446 1103 1484 variae
1144 1446 1321 1484 evadant.
1378 1447 1484 1493 Quae
1520 1446 1761 1495 complentur

383 1516 641 1569 expositione,
678 1530 795 1569 quum
825 1518 929 1558 Sext.
958 1519 1069 1569 Emp.
1098 1519 1183 1558 adv.
1211 1519 1328 1561 math.
1365 1509 1430 1559 fol.
1464 1519 1541 1571 642
1569 1519 1646 1558 dat.
1701 1518 1759 1558 De

381 1592 723 1632 innumerabilibus
759 1593 947 1643 cuiusque
980 1593 1133 1642 generis
1167 1592 1284 1632 rebus
1321 1593 1413 1643 quid
1439 1593 1632 1642 Epicurus
1670 1598 1772 1633 cen-'

383 1667 519 1715 suerit,
548 1666 730 1715 colligere
757 1666 849 1705 licet
874 1677 926 1705 ex
950 1666 1009 1714 iis,
1039 1677 1139 1716 quae
1157 1666 1214 1713 ,de
1242 1666 1581 1705 innumerabilibus
1608 1666 1759 1705 mundis
1835 1697 1837 1699 .

382 1740 507 1789 docet,
527 1739 639 1789 Diog.
669 1739 712 1778 L.
733 1739 780 1788 X,
799 1739 863 1788 45,
883 1739 946 1788 89,
965 1739 1028 1779 90.
1053 1759 1098 1770 —·
1119 1739 1197 1787 Cic.
1218 1740 1266 1779 de
1285 1742 1362 1780 nat.
1391 1739 1496 1779 deor.
1524 1740 1554 1788 Ι,
1583 1739 1604 1789 ξ
1630 1740 1679 1779 67
1708 1762 1761 1768 ——

383 1813 635 1864 Pseudoplut.
665 1813 712 1852 de
740 1814 839 1862 plac.
867 1812 959 1861 phil.
988 1813 1038 1861 II,
1068 1814 1089 1852 7
1117 1835 1169 1841 —
1198 1812 1304 1852 Stob.
1338 1813 1407 1853 ecl.
1435 1813 1545 1863 phys.
1573 1813 1604 1862 Ι,
1631 1814 1694 1862 22,
1722 1814 1758 1855 2.

382 1887 441 1926 De
469 1887 691 1926 Democrito
719 1886 766 1926 cf.
794 1886 961 1925 Brandis
989 1897 1077 1935 pag.
1105 1886 1193 1926 322.

975 2046 1137 2212 x

366 2270 368 2272 ·
409 2257 477 2296 DE
507 2257 702 2306 CAUSIS‚
731 2256 921 2305 QUIBUS
949 2256 1047 2296 RES
1076 2257 1147 2296 EX
1174 2256 1368 2296 ATOMIS
1395 2255 1725 2296 COMPOSITAE

750 2330 953 2371 RURSUS
981 2330 1391 2371 DISSOLVANTUR.

488 2458 763 2508 Quamcunque
792 2461 1005 2497 atomorum
1034 2458 1340 2497 coniunctionem
1365 2469 1517 2507 semper
1544 2458 1581 2496 in
1611 2457 1758 2505 eodem,

383 2545 459 2584 q-uo
488 2534 549 2582 sit,
579 2536 684 2572 statu
712 2544 879 2581 manere,
906 2532 1059 2571 minime
1086 2531 1298 2582 putandum
1328 2535 1399 2582 est,
1428 2544 1512 2572 cum
1540 2533 1759 2572 necessario
