1968 2859
322 236 370 266 se
392 225 625 265 existentem
654 225 701 266 cf.
730 226 832 266 Plut.
861 225 948 267 adv.
977 225 1059 266 Col.
1087 238 1125 276 p.
1155 225 1271 275 1108,
1296 226 1478 267 Muuach.
1506 237 1595 276 pag.
1622 226 1701 266 376

321 299 410 338 adn.
437 300 475 338 3.
530 299 699 338 Causam
725 303 875 348 autem,
903 312 982 350 qua
1006 300 1249 349 postuletur,
1285 300 1398 340 inane
1425 303 1470 339 ut
1497 300 1560 348 sit,
1587 300 1702 340 affert

322 372 441 412 Arist.
470 372 580 421 phys.
609 372 677 420 IV,
705 373 750 411 6:
793 372 842 413 οὔ
877 374 951 427 γὰρ
988 372 1037 413 ἂν
1069 374 1202 413 δοκεῖν
1237 370 1341 413 εἶναι
1374 373 1546 424 κίνησιν,
1583 373 1620 413 εἰ
1646 373 1701 426 μὴ

321 446 384 496 εἴη
411 442 535 485 κενόν.
572 444 636 493 (cf.
659 445 840 485 Mullach.
869 456 957 495 pag.
979 445 1087 494 377.)
1116 448 1156 484 et
1183 456 1253 484 cur
1278 444 1468 484 infinitum
1495 445 1546 484 sit
1566 444 1699 495 Simpl.

320 516 361 556 in
387 516 498 566 phys.
527 516 591 556 fol.
621 518 709 565 144,
738 517 782 557 b:
811 515 935 559 πάλιν
962 514 1013 558 αὖ
1039 522 1119 558 τῶν
1146 518 1191 558 τὸ
1219 518 1331 559 κενὸν
1359 517 1457 559 αὐτὰ
1475 518 1700 569 τιθεμένων

320 589 360 630 οἱ
386 590 459 640 μὲν
492 588 662 642 ἄπειρον
697 586 803 631 εἶναι’
838 605 940 645 φασι
967 591 1035 630 καὶ
1072 588 1325 645 ὑπερβάλλον
1352 590 1519 644 ἀπειρίᾳ
1545 591 1596 631 τὰ
1622 588 1681 632 acb

319 678 425 714 ματα
461 664 529 703 καὶ
565 662 636 703 διὰ
669 668 787 703 τοῦτο
822 662 920 704 ἄλλο
956 663 998 704 ἐν
1036 662 1174 711 ἄλλοις
1209 662 1334 704 αὐτοῦ
1366 664 1506 719 μέρεσι
1532 665 1702 704 καταδε-

319 752 498 788 χομενον.

962 918 1060 991 ΙΙΙ.

377 1062 448 1105 DE
483 1065 731 1106 UNIV'ERSI
764 1065 1101 1106 EXTENTIONE
1137 1065 1239 1104 VEL
1271 1066 1341 1105 DE
1374 1062 1642 1106 MATERIAE

698 1131 981 1182 INANISQUE
1011 1132 1327 1174 INFINITATE.

425 1258 643 1307 LucretiuS‚
674 1258 860 1299 doctrinis
884 1257 1144 1309 physicorum,
1174 1258 1240 1309 qui
1268 1261 1358 1299 ante
1376 1259 1588 1309 Epicurum
1615 1259 1700 1299 uni-

320 1333 423 1371 versi
451 1342 588 1371 causas
616 1333 810 1381 explicare
829 1334 1047 1379 voluerunt,
1076 1333 1231 1381 copiose
1259 1332 1451 1380 refutatis,
1479 1336 1524 1371 ut
1550 1336 1590 1371 et
1615 1335 1700 1371 ato-

320 1410 403 1445 mos
436 1409 478 1445 et
511 1406 626 1445 inane
659 1404 851 1445 infinitum
893 1417 979 1445 esse
1022 1403 1155 1453 docet,
1193 1403 1301 1444 varia
1341 1405 1455 1445 affort
1496 1408 1702 1453 momenta,

321 1478 461 1528 quibus
489 1479 713 1517 universum
732 1478 882 1517 finitum
911 1490 986 1517 non
1011 1490 1126 1527 posse
1147 1479 1309 1527 cogitari
1338 1478 1488 1527 probet.
1530 1477 1702 1517 Primum

260 1551 266 1555 '
321 1552 441 1600 enim,
479 1552 583 1601 quod
617 1551 766 1590 finitum
802 1555 880 1600 est,
918 1550 1061 1591 habeat
1089 1556 1303 1591 extremum
1331 1561 1489 1590 necesse
1518 1554 1596 1598 est;
1636 1562 1702 1590 ex-

321 1628 487 1665 tremum
515 1631 608 1665 vero
635 1624 723 1674 alio,
753 1625 857 1675 quod
885 1625 990 1665 ultra
1017 1628 1089 1673 est,
1118 1624 1221 1665 finiri
1249 1624 1376 1673 debet,
1406 1624 1474 1664 sed

335 1711 365 1767 Ῐ,
390 1722 480 1758 963:
530 1731 648 1766 „nune
673 1722 775 1757 extra
800 1731 973 1756 summam
998 1720 1168 1766 quoniam
1191 1720 1242 1756 nil
1267 1730 1348 1756 esse
1375 1717 1571 1765 fatendum,

532 1789 628 1824 „non
652 1778 764 1815 habet
787 1780 997 1824 extremum,
1020 1779 1123 1814 earet
1146 1787 1235 1824 ergo
1259 1778 1330 1815 fine
1354 1775 1571 1823 modoque“.

427 1864 543 1905 Aliud
585 1869 856 1916 argumentum
895 1865 943 1905 de
985 1866 1063 1906 telo
1104 1867 1143 1905 in
1185 1866 1347 1905 extremi
1386 1864 1526 1904 finibus
1563 1865 1702 1904 emisso

321 1943 517 1989 sumptum
545 1943 626 1979 est:

336 2036 366 2082 1,
391 2038 482 2073 971:
530 2035 594 2082 „id
618 2035 752 2072 validis
776 2037 894 2072 utrum
919 2037 1123 2071 contortum
1146 2034 1286 2071 viribus
1310 2034 1376 2081 ire,

533 2103 630 2138 „quo
655 2093 766 2128 fuerit
787 2092 947 2137 missum,
972 2093 1087 2127 mavis
1112 2092 1294 2137 longeque
1320 2093 1457 2137 volare,
1537 2094 1541 2099 ”

532 2162 604 2197 „au
628 2149 823 2198 prohibere
848 2150 988 2197 aliquid
1012 2159 1140 2187 censes
1165 2150 1385 2196 obstareque
1410 2147 1568 2196 posse?“

426 2240 543 2279 Fines
562 2239 682 2290 igitur
700 2240 837 2279 atomis
857 2239 1039 2289 inanique
1062 2242 1212 2278 tantum
1232 2238 1427 2278 statuendi
1447 2241 1548 2286 sunt,
1578 2250 1700 2288 quan-

321 2315 404 2353 tum
431 2317 639 2364 utrumque
667 2325 738 2363 per
765 2325 806 2352 se
834 2325 972 2362 purum
998 2317 1154 2352 exstans
1182 2312 1296 2352 alteri
1324 2311 1420 2352 fines
1448 2311 1614 2352 adhibet.

336 2410 367 2455 1,
393 2411 502 2448 1008:
551 2409 657 2455 „ipsa
680 2408 826 2445 modum
850 2419 958 2454 porro
985 2407 1056 2444 sibi
1079 2418 1200 2444 rerum
1226 2418 1363 2442 summa
1386 2417 1517 2453 parare

557 2478 626 2513 „ne
650 2467 778 2513 possit,
799 2469 929 2502 natura
952 2469 1063 2511 tenet,
1089 2475 1184 2511 quae
1209 2476 1341 2510 eorpus
1364 2465 1474 2510 inani,

557 2527 620 2571 „et
643 2524 742 2570 quod
764 2524 873 2560 inane
896 2524 1016 2560 autem
1041 2525 1107 2568 est,
1131 2522 1225 2558 finiri
1250 2531 1401 2568 corpore
1426 2522 1537 2569 cogit,

557 2585 621 2629 „ut
644 2582 697 2618 sio
720 2582 871 2618 alternis
894 2581 1034 2617 infinita
1059 2581 1179 2617 omnia
1200 2578 1365 2617 reddat.“
