1968 2859
1556 78 1588 119 Ὠ

215 180 419 240 κράτορα,’
443 182 563 237 μόνον
599 182 720 226 αὐτὸν
754 182 818 240 ἐφ’
849 182 1133 234 §antonionum
1168 181 1328 226 πάντων
1357 186 1590 239 κρατοῦήᾳ,

215 244 372 300 γνώμην
398 250 492 303 περὶ
519 249 667 296 παντὸς
692 254 826 290 πᾶσαν
852 250 1024 300 ἴσχοντα,
1052 246 1237 298 ἰσχύοντα
1262 248 1449 300 μέγιστον
1473 251 1597 299 prae-L

216 310 369 350 dicavit.
413 311 520 358 Quae
543 322 650 349 mens
684 312 921 351 extrinsecus
951 311 1158 350 adveniens
1182 311 1269 349 rudi
1298 311 1589 360 indigestae-que

213 374 305 414 moli
319 377 476 422 motum,
493 386 569 424 quo
583 386 646 414 res
657 378 922 423 secernuntur,
937 369 1068 413 intulit
1082 376 1123 414 et
1135 377 1274 419 cuncta
1287 374 1327 413 in
1337 373 1510 414 ordinem
1517 385 1587 414 ‘re-

215 437 333 487 degit.
375 437 420 475 In
446 447 680 487 unaquaque
699 440 827 477 autem
855 448 898 476 re
916 437 1128 486 composita
1149 437 1445 490 homoiomeriae
1464 436 1587 476 omnis

214 499 367 549 generis
394 500 546 547 insunt,
586 499 651 550 ᾖἐν
678 500 797 541 παντὶ
824 499 972 546 παντὸς
998 503 1121 553 μοῖρα
1149 497 1312 550 ἔνεστι.ᾖ
1371 498 1489 537 Cuius
1516 510 1586 537 au·
1648 553 1650 555 q

214 565 291 601 tem
319 562 471 611 generis
506 562 695 611 plurimae
722 562 873 610 insunt,
910 573 981 611 pro
1010 572 1081 601 sua
1108 562 1258 601 ratione
1288 560 1474 601 definiunt
1500 572 1586 602 cor·

213 625 319 674 poris
347 635 497 673 nomen,
526 625 581 663 ita
610 628 655 663 ut
681 625 720 663 in
748 636 843 663 auro
871 637 903 664 e.
932 636 968 673 g.
996 624 1110 673 longe
1137 625 1326 674 plurimae
1352 624 1437 664 auri
1464 624 1586 674 parti-

214 687 324 728 culae
351 687 622 728 elementariae
649 688 904 728 inveniantur.
942 686 989 727 cf.
1017 680 1061 726 F.
1089 687 1119 727 Ι.
1150 687 1347 735 Clemens,
1369 687 1433 727 -de
1460 687 1585 737 philo-

213 750 349 801 sophia
375 751 627 801 Anaxagorae
656 751 759 791 Claz.
792 750 921 791 Berol.
958 750 1070 799 1839,
1098 752 1169 792 8⁸19.
1225 751 1331 800 Quae
1369 753 1409 791 et
1443 754 1587 802 quanta

212 814 333 863 igitur
363 813 724 853 homoiomeriarum
760 817 801 852 et
836 816 1050 852 atomorum
1087 819 1132 852 ut
1164 815 1220 852 ita
1255 814 1381 853 dicam
1408 814 1587 863 analogia
1636 826 1638 828 ’
1669 837 1673 841 -

213 876 282 924 sit,
327 875 451 926 liquet
487 887 534 915 ex
577 876 678 916 infra
713 875 907 923 tractatis,
946 877 1277 926 Anaxagoraeque
1320 876 1497 916 doctrina
1529 875 1586 915 illi

211 939 473 977 Atomicorum
514 949 670 977 causam
715 942 833 987 atque
875 939 1114 977 occasionem
1154 939 1379 987 praebuisse
1420 938 1585 978 videtur.

212 1000 340 1040 Nihilo
366 1000 492 1041 minus
518 1000 633 1051 louge
659 1001 761 1041 inter
788 1011 831 1041 se
849 999 1035 1040 differunt
1060 1000 1367 1043 homoiomeriae.
1386 1004 1428 1041 et
1446 1001 1584 1049 atomi,

213 1064 318 1114 quod
344 1064 420 1103 iam
448 1067 612 1113 apparet
639 1075 686 1103 ex
713 1075 833 1103 verss.
861 1064 975 1104 Lucr.
995 1065 1027 1111 I,
1047 1065 1125 1104 830
1152 1077 1272 1114 seqq„
1302 1064 1442 1114 quibus
1468 1067 1586 1113 poeta

212 1137 299 1167 cum
325 1125 478 1166 facetiis
507 1125 736 1176 quibusdam
764 1125 925 1175 refutat,
1429 1146 1433 1151 ‹
1487 1119 1489 1121 ’

399 1227 568 1273 „ignibus
594 1237 639 1262 ex
662 1226 769 1272 ignis,
794 1237 953 1262 umorem
977 1226 1162 1262 umoribus
1187 1237 1280 1271 esse,

399 1295 491 1331 „nec
514 1276 637 1320 tamen*
659 1294 739 1319 esse
764 1284 840 1320 ulla
862 1283 959 1320 idem
983 1294 1029 1320 ex
1051 1286 1155 1330 parte
1179 1284 1217 1319 in
1240 1284 1350 1321 rebus
1374 1284 1482 1321 inane

398 1368 420 1388 „
470 1369 478 1378 .
528 1369 536 1377 .
584 1370 595 1394 .·
645 1368 654 1377 .
678 1352 797 1387 neque
823 1342 1037 1387 corporibus
1060 1341 1168 1378 finem
1192 1352 1273 1378 esse
1298 1340 1503 1379 secandis.‘-‘
1564 1331 1570 1338 ⁸

316 1441 548 1482 Discrimina
573 1441 659 1491 ipsa
685 1440 797 1480 facile
826 1452 873 1480 ex
899 1440 965 1489 iiS,
994 1452 1093 1490 quae
1122 1441 1170 1480 de
1192 1444 1414 1485 'atomorum
1442 1445 1584 1481 natura

212 1505 457 1553 disseremus,
486 1504 726 1554 colligentur.
