1968 2859
310 93 374 140 as

336 199 366 245 1,
390 200 478 236 548:
527 201 636 245 „sunt
657 199 771 245 igitur
793 200 914 239 solida
936 200 1137 246 pn’aordia
1161 199 1405 247 ⁸1me,

520 268 613 303 „uec
635 257 777 294 ratione
803 260 942 303 queunt
963 258 1037 295 ulia
1061 260 1207 296 servata
1229 269 1296 304 per
1317 268 1448 296 aevom

519 324 590 359 „ex
613 313 753 351 infinito
776 314 850 351 iam
872 317 1036 359 tempore
1060 325 1121 351 res
1144 313 1339 361 reparare“
1363 315 1409 352 cf.
1431 316 1598 353 eoo-614.

428 417 564 464 Quam,
580 418 811 459 sententiam
838 418 885 458 de
904 418 1028 457 solida
1055 422 1270 459 atomorum
1290 419 1536 469 simplicitate
1564 417 1701 457 deinde

320 490 515 533 uberrime
552 490 734 541 explanat
768 493 888 540 atque
924 490 1064 542 probat
1097 491 1316 532 Lucretius.
1380 492 1537 533 Minime
1570 494 1701 531 autem

319 565 460 606 mirum
487 568 562 613 est,
592 564 696 615 quod
721 575 768 604 ex
787 568 1003 606 atomorum
1030 564 1228 605 soliditate
1254 566 1355 606 duae
1380 567 1594 607 sententiae
1622 565 1701 608 col-

320 637 514 687 liguntur,
551 637 697 685 altera,
743 638 782 677 in
817 637 933 678 rebus
967 638 1158 678 concretis
1190 638 1360 688 aliquem
1397 639 1552 680 tandem
1587 638 1700 680 finem

321 721 409 751 esse
442 710 622 759 secandi,
655 710 797 759 altera,
834 715 1004 751 atomum
1035 711 1306 762 „immutabili'
1334 711 1518 752 materiae
1545 723 1700 761 quoque

318 792 462 832 corpus
488 782 655 822 habere“
686 783 774 823 591.
829 783 976 824 Ambae
1013 789 1142 825 autem
1179 784 1395 824 sententiae
1430 783 1584 824 maximi
1618 789 1702 823 mo-⁴

319 856 441 898 menti
467 855 569 897 infra
595 856 792 906 singulae,
829 869 915 897 cum
942 858 996 904 de>
1018 856 1284 907 magnitudine
1312 856 1699 906 immutabilitatisque

321 928 504 977 diminuti,
532 929 816 970 tractabuntur.

426 1003 512 1050 Qua
547 1002 595 1042 de
631 1014 673 1043 re
706 1003 899 1052 Epicurus
928 1003 1063 1043 eadem
1100 1004 1256 1053 scripsit
1283 1003 1484 1044 Herodoto
1511 1003 1536 1042 l.
1564 1015 1598 1044 c.
1625 1003 1699 1044 41:

327 1080 464 1117 Ταῦτα
498 1075 597 1126 (scil.
633 1075 683 1117 τὰ
718 1074 762 1122 ἐξ
798 1072 855 1117 ὦν
891 1076 934 1117 αἱ
965 1076 1192 1131 συγκρίσεις
1225 1076 1480 1128 πεποίηνται)
1524 1075 1561 1115 δ’
1596 1075 1701 1116 ἐστὶν

321 1147 452 1199 ἄτομα
479 1150 546 1190 καὶ
575 1147 840 1201 ἀμετάβλητα,
868 1151 983 1204 εἴπερ
1010 1150 1064 1200 μὴ
1093 1150 1229 1200 μέλλει
1258 1148 1387 1191 πάντα
1419 1149 1477 1196 εἰς
1503 1149 1547 1191 τὸ
1574 1148 1628 1200 μῆ
1657 1147 1702 1189 ὃν

319 1219 630 1277 φθαρήσεσθαι,
674 1220 759 1263 ἀλλ’
802 1218 988 1273 ἰσχύοντα
1031 1220 1244 1274 ὑπομένειν
1290 1221 1332 1264 ἐν
1368 1226 1457 1269 ταῖς
1492 1218 1701 1264 διαλύσεσι

319 1301 399 1336 τῶν
426 1297 681 1350 συγκρίσεων,
708 1293 840 1349 πλήρη
869 1296 939 1347 τὴν
966 1292 1089 1349 φύσιν
1130 1294 1224 1338 ὄντα
1251 1297 1316 1337 καὶ
1345 1295 1416 1336 οὐκ
1444 1295 1594 1346 ἔχοντα,
1617 1295 1701 1346 ,ὅπη

319 1367 346 1421 ἢ
381 1368 494 1417 ὅπως
530 1367 842 1421 διαλυθήσεται,
876 1368 979 1410 ὥστε
1016 1369 1087 1416 τὰς
1121 1367 1248 1423 α’ρχὰς
1281 1367 1456 1420 ἀτόμους
1488 1368 1702 1421 ἀναγκαῖον

319 1439 424 1484 εἶναι
452 1440 648 1493 σωμάτων
675 1439 855 1496 ςρύσεειις.(ζ
901 1442 1009 1489 Quae
1037 1442 1099 1481 hic
1127 1440 1260 1496 πλήρη
1288 1443 1359 1494 τήν
1386 1440 1510 1496 φύσιν
1536 1442 1701 1491 primor-

319 1515 383 1554 dia
418 1518 628 1563 vocantur,
670 1515 785 1564 paulo
822 1518 912 1564 post
945 1514 1082 1566 μεστά,
1111 1515 1151 1553 id
1187 1519 1259 1564 est,
1287 1527 1360 1555 sua
1396 1515 1561 1557 materia
1588 1515 1703 1564 plena

320 1587 567 1629 definiuntur.
622 1589 682 1629 De
719 1588 1030 1629 immutabilitate
1062 1592 1278 1630 atomorum
1311 1588 1360 1630 cf.
1393 1589 1418 1629 l.
1448 1601 1479 1629 c.
1513 1588 1586 1629 54:
1634 1589 1700 1638 „ai

318 1662 362 1703 δὲ
390 1661 532 1714 ἄτομοι
561 1661 675 1703 οὐδὲν
701 1658 1037 1713 μεταβάλλουσιν,
1079 1660 1300 1714 ἐπειδήπερ
1328 1663 1392 1702 δεῖ
1419 1677 1457 1702 τι
1486 1660 1701 1713 ὑπομένειν

317 1735 359 1776 ἐν
384 1740 474 1783 ταῖς
511 1734 720 1775 διαλύσεσι
756 1740 834 1775 τῶν
869 1735 1110 1789 συγκρίσεων
1146 1735 1305 1789 στερεὸν
1341 1737 1407 1775 καὶ
1449 1733 1698 1782 ιιῖδισὲλυτον,(ζ

319 1808 569 1861 quamobrem
604 1808 722 1858 paulo
757 1812 849 1859 post
884 1808 1108 1858 adiungitur
1144 1806 1367 1863 ἄφθαρτον.
1434 1807 1493 1847 De
1528 1806 1603 1847 fine
1640 1818 1700 1846 se-

318 1882 430 1922 candi
467 1880 515 1922 cf.
553 1882 602 1920 ib.
639 1882 708 1921 43:
770 1881 864 1922 οῦδὲ
904 1881 979 1936 γὰρ
1014 1881 1072 1929 εἰς
1108 1880 1278 1937 ἄπειρον
1314 1879 1338 1934 ή
1374 1881 1474 1934 τομή
1517 1876 1702 1933 τυγχάνει

319 1955 368 1996 cf.
397 1956 450 1996 ib.
480 1956 544 1996 56.

425 2029 588 2070 Omnino
618 2029 677 2069 his
706 2029 881 2069 omnibus
909 2029 1102 2080 Epicurus
1140 2032 1298 2071 secutus
1335 2032 1397 2069 est
1423 2028 1700 2077 Democritum,

317 2104 365 2143 de
394 2115 471 2154 quo
497 2104 617 2144 Arist.
645 2104 694 2143 de
723 2115 809 2153 gen.
830 2106 870 2143 et
887 2104 956 2144 int.
984 2104 1014 2152 Ι,
1044 2105 1067 2143 8
1096 2104 1228 2151 tradit,
1256 2102 1357 2144 hunc
1385 2114 1550 2154 corpora
1576 2104 1701 2152 prima

316 2189 479 2217 vocasse
516 2178 560 2219 τὸ
599 2178 770 2232 πλῆρες,
806 2178 1053 2229 παμπλῆθες
1095 2177 1177 2217 sive
1217 2178 1477 2231 παμπλῆρες;
1521 2176 1570 2215 ib.
1606 2176 1642 2225 Ι,
1676 2177 1700 2215 2

316 2248 484 2302 σώματα
513 2233 618 2292 εἶναι
649 2249 859 2304 ἀδιαίρετα
894 2262 1021 2300 neque
1054 2251 1094 2290 in
1120 2249 1311 2290 infinitum
1344 2250 1566 2296 dividenda3
1604 2250 1700 2288 alias

315 2325 420 2366 enim
447 2324 675 2374 magnitudo
704 2327 902 2364 constaret
930 2336 977 2363 ex
1003 2324 1069 2372 iis,
1104 2335 1204 2373 quae
1231 2324 1317 2373 ipsa
1341 2323 1606 2372 magnitudine
1634 2334 1699 2365 ca-

313 2402 461 2438 rerent.
525 2398 645 2438 Cuius
676 2398 808 2446 Simpl.
847 2398 896 2436 ad
931 2398 1050 2437 Arist.
1088 2397 1198 2447 phys.
1236 2396 1301 2436 fol.
1337 2396 1414 2435 216
1448 2397 1700 2446 proprietatis

315 2483 456 2515 causas
477 2471 593 2513 affert
610 2472 682 2524 τήν
702 2468 921 2519 ἀπάθειαν,
948 2471 992 2512 τι)
1016 2471 1183 2526 σμικρὸν
1202 2472 1268 2512 καὶ
1288 2468 1445 2525 ἄμερες.
1473 2469 1520 2510 Cf.
1534 2470 1700 2512 Brandis

317 2546 553 2586 Geschichte
582 2546 653 2585 der
680 2546 824 2585 Philos.
853 2545 928 2584 vol.
957 2545 986 2594 1,
1015 2557 1102 2595 pag.
1131 2545 1208 2585 303
1236 2555 1343 2594 seqq.
