1968 2859
241 186 245 191 '
318 188 504 230 aeternae
531 189 620 230 'esse
647 188 802 239 debent,
822 191 868 231 ut
885 189 1094 230 Lucretius
1113 189 1272 231 uberius
1289 189 1320 239 I,
1341 184 1551 233 159-264
1564 190 1697 235 docet.

320 249 621 313 Tumquoque,
659 263 765 313 quod
791 264 910 303 atomi
938 264 1084 304 solidae
1112 267 1228 313 sunt,
1258 264 1295 304 h.
1324 275 1356 305 e.
1385 263 1478 304 nihil
1498 263 1614 308 inane
1636 264 1698 308 eis

318 336 421 375 inest
447 336 517 375 sed
543 325 674 386 potius
701 336 887 376 materiae
915 323 1232 387 omnino'plenae
1260 340 1362 386 sunt,
1399 340 1591 379 aeternae.
1605 347 1697 382 esse

318 408 477 458 debent,
513 397 606 449 nam*
630 410 871 464 „materiem
917 410 1041 450 solida
1075 422 1175 461 quae
1209 423 1371 462 corpore
1403 414 1574 459 constat,
1610 420 1697 451 esse

316 486 480 523 aeterna
511 482 681 534 potestf
763 483 988 523 Lucretium
1020 483 1092 523 has
1120 484 1169 524 de
1204 488 1420 525 atomorum
1467 483 1697 525 aeternitate

315 555 577 606 proferentem
613 557 826 596 sententias
863 557 958 596 nihil
994 569 1018 597 a
1051 558 1228 607 magistri
1263 557 1416 607 placitis
1453 558 1696 605 dissensisse,

315 615 495 679 probant,
535 641 634 680 quae
661 630 855 680 Epicurus
883 630 1084 670 Herodoto
1118 630 1253 671 scribit
1278 630 1327 670 D.
1354 630 1399 670 L.
1427 631 1476 679 X,
1503 631 1575 671 39:
1606 632 1696 682 „nai

314 702 394 755 μῆν
417 704 484 744 καὶ
510 703 556 744 τὸ
583 708 665 744 πᾶν
694 701 758 743 ἀεὶ
785 708 975 745 τοσοῦτον
1002 700 1067 756 ἦν,
1100 701 1186 745 οἷον
1213 708 1283 745 νῦν
1309 703 1412 752 ἐστι,
1445 704 1512 744 καὶ
1540 701 1606 744 ἀεὶ
1630 718 1695 745 το-

314 781 455 818 σοῦτον
483 776 607 818 ἔσται·
642 774 859 832 οὕδὲνγάρ
886 778 1014 826 ἐστιν,
1052 777 1111 825 εἰς
1137 776 1161 819 ὃ
1193 774 1448 829 μεταβάλλει·
1482 776 1594 832 παρὰ
1618 777 1695 832 γὰρ

312 850 359 891 τὰ
385 854 468 891 πᾶν
495 849 614 891 οὐδέν
640 850 766 899 ἐστιν,
802 849 826 892 ὃ
853 849 900 891 ἂν
936 850 1116 898 εἰςελθὸν
1149 850 1209 898 εἰς
1236 849 1333 892 αὐτὸ
1365 851 1437 902 τὴν
1469 849 1695 902 μεταβολὴν

311 920 566 976 ποιήσαιτο.“
639 923 760 964 Simili
802 935 956 974 quoque
997 925 1148 964 ratione
1189 924 1436 964 Democritus
1477 927 1694 963 atomorum

311 998 585 1038 aeternitatem
611 998 847 1046 deduxerat3
875 998 995 1038 Arist.
1023 999 1134 1049 phys.
1160 998 1266 1046 VIII,
1296 999 1338 1038 1:
1376 998 1442 1038 καὶ
1478 997 1549 1038 διὰ
1575 1002 1692 1039 τοῦτο

311 1071 411 1122 (scil.
448 1075 599 1111 atomos
636 1072 805 1112 omnium
838 1083 969 1112 rerum
1004 1071 1195 1122 principia
1226 1070 1330 1122 esse)
1365 1075 1469 1123 Δημ.
1506 1086 1551 1123 γε
1587 1070 1691 1112 δείκ-

312 1158 415 1194 νυσι,
438 1143 493 1193 ὥς
520 1141 716 1187 ἀδύνατον
742 1144 898 1188 ἅπαντα
924 1144 1162 1198 γεγονέναι.“

416 1275 656 1332 Gravissima
682 1303 776 1332 vero
803 1292 872 1331 illa
898 1294 1115 1331 atomorum
1141 1291 1381 1342 proprietas,
1420 1290 1469 1330 de
1506 1301 1583 1340 qua
1609 1290 1688 1329 Lu-

311 1365 455 1417 cretius
490 1365 694 1406 sententiis
735 1366 840 1405 circa
875 1367 1061 1405 materiae
1095 1365 1298 1414 inanisque
1334 1364 1608 1403 aeternitatem
1644 1375 1691 1402 ex

310 1436 458 1479 summo
485 1440 676 1489 principio
704 1439 910 1479 deductam
942 1439 1112 1488 peractis
1140 1439 1315 1488 disserit,
1355 1450 1487 1479 earum
1515 1438 1690 1479 soliditas

309 1524 396 1552 cum
423 1514 655 1552 aeternitate
675 1513 894 1552 necessario
922 1514 1128 1552 coniuncta
1146 1516 1321 1562 apparet.
1362 1513 1574 1552 Exordium
1602 1512 1688 1562 qui-

253 1631 258 1636 ,
309 1586 396 1626 dem
413 1587 530 1636 ‘capit
556 1586 605 1626 ab
631 1587 792 1636 Epicuri
820 1586 884 1638 (D.
912 1586 956 1627 L.
985 1586 1033 1634 X,
1061 1586 1129 1637 40)
1158 1588 1351 1626 sententia
1377 1586 1482 1626 inter
1505 1597 1568 1641 res
1597 1596 1699 1634 con·-

309 1658 435 1699 cretas
477 1662 517 1699 et
559 1662 709 1699 atomos
749 1659 1029 1709 distinguente:
1070 1664 1150 1700 τῶν
1184 1656 1380 1710 σωμάτων
1414 1659 1463 1699 τὰ
1495 1659 1568 1709 μέν
1603 1658 1688 1699 ἐστι

307 1733 545 1787 συγκρίσεις,
575 1732 623 1773 τὰ
650 1732 686 1772 δ’
712 1731 757 1779 ἐξ
784 1729 840 1773 ὦν
868 1733 911 1773 αἱ
938 1732 1166 1786 συγκρίσεις
1192 1732 1450 1783 πεποίηνται,
1478 1743 1595 1781 quam
1621 1742 1688 1770 ex-

307 1817 455 1856 ponens
483 1805 644 1846 verbum
671 1805 790 1845 verbo
818 1806 1011 1855 expressit
1037 1808 1154 1855 poeta
1181 1805 1358 1845 versibus
1394 1805 1500 1845 hisce
1527 1805 1558 1853 1,
1587 1799 1686 1844 483:

518 1891 707 1938 „Corpora
730 1892 814 1927 sunt
837 1901 946 1936 porro
969 1890 1101 1936 partim
1124 1889 1322 1937 primordia
1344 1900 1476 1935 rernm,

518 1949 674 1996 „partim
697 1948 851 1986 concilio
877 1959 972 1994 quae
996 1951 1164 1986 constant
1184 1945 1477 1995 principiorum.“
1517 1994 1521 1997 ²

409 2017 583 2077 Pergens
610 2026 831 2077 primordiis
860 2026 1115 2075 soliditatem,
1151 2038 1228 2077 qua
1263 2036 1413 2065 omnem
1451 2036 1566 2075 quam
1593 2024 1688 2064 libet

307 2100 384 2141 vim
412 2102 485 2140 sibi
520 2101 667 2141 illatam
694 2101 868 2149 vincant,
905 2101 961 2140 ita
996 2104 1041 2140 ut
1067 2101 1173 2140 nullo
1200 2100 1314 2140 modo
1342 2100 1569 2140 commutari
1594 2110 1685 2148 pos-

307 2176 395 2224 sint,
428 2174 626 2215 attribuit:
661 2175 692 2224 Ι,
718 2174 815 2215 485:

380 2297 382 2299 ,
456 2259 555 2305 „Sed
579 2270 675 2305 quae
700 2262 784 2295 sunt
807 2269 928 2295 rerum
951 2258 1160 2304 primordia,
1184 2259 1286 2295 nulla
1308 2260 1431 2304 potest
1451 2258 1509 2293 vis
1561 2251 1563 2253 ’

454 2317 674 2364 „stinguere‚
699 2328 782 2353 nam
806 2316 925 2353 solida
948 2317 1099 2353 vincunt
1124 2328 1168 2353 ea
1191 2327 1343 2363 corpore
1369 2314 1546 2353 demum.“

411 2396 523 2443 Quod
551 2399 595 2435 ut
619 2395 761 2445 probet
787 2396 1006 2443 Lucretius,
1044 2396 1276 2435 sententiam
1303 2396 1519 2445 praemittit
1544 2407 1580 2434 v.
1608 2395 1686 2435 503

305 2459 649 2520 seqqsdocentem,
678 2469 832 2509 minime
851 2469 954 2508 inter
976 2480 1018 2509 se
1045 2470 1166 2509 mixta
1185 2480 1271 2509 esse
1297 2469 1499 2509 materiam
1520 2472 1560 2509 et
1572 2468 1686 2508 inane
1754 2520 1756 2523 ι

304 2543 377 2584 tali
401 2543 528 2593 modo,
556 2546 602 2583 ut
628 2546 780 2583 atomus
807 2543 921 2584 inane
948 2545 988 2583 in
1015 2555 1057 2584 se
1085 2543 1380 2584 circumcludat:
