<?xml version="1.0" encoding="UTF-8"?>
<!DOCTYPE html PUBLIC "-//W3C//DTD XHTML 1.0 Transitional//EN"
    "http://www.w3.org/TR/xhtml1/DTD/xhtml1-transitional.dtd">
<html xmlns="http://www.w3.org/1999/xhtml" xml:lang="en" lang="en">
 <head>
  <title>
</title>
<meta http-equiv="Content-Type" content="text/html;charset=utf-8" />
  <meta name='ocr-system' content='tesseract 3.04.00' />
  <meta name='ocr-capabilities' content='ocr_page ocr_carea ocr_par ocr_line ocrx_word'/>
</head>
<body>
  <div class='ocr_page' id='page_1' title='image "4771426_0058.png"; bbox 0 0 1968 2859; ppageno 0'>
   <div class='ocr_carea' id='block_1_1' title="bbox 339 110 392 150">
    <p class='ocr_par' dir='ltr' id='par_1_1' title="bbox 339 110 392 150">
     <span class='ocr_line' id='line_1_1' title="bbox 339 110 392 150; baseline 0 0"><span class='ocrx_word' id='word_1_1' title='bbox 339 110 392 150; x_wconf 83' lang='lat'>48</span> 
     </span>
    </p>
   </div>
   <div class='ocr_carea' id='block_1_2' title="bbox 341 213 1724 1431">
    <p class='ocr_par' dir='ltr' id='par_1_2' title="bbox 341 213 1722 482">
     <span class='ocr_line' id='line_1_2' title="bbox 345 213 1722 265; baseline 0.001 -13"><span class='ocrx_word' id='word_1_2' title='bbox 345 215 470 265; x_wconf 88' lang='lat' dir='ltr'>„enim</span> <span class='ocrx_word' id='word_1_3' title='bbox 497 213 647 263; x_wconf 82' lang='lat' dir='ltr'>flagitia</span> <span class='ocrx_word' id='word_1_4' title='bbox 674 214 889 254; x_wconf 78' lang='lat' dir='ltr'>Democriti</span> <span class='ocrx_word' id='word_1_5' title='bbox 916 214 998 254; x_wconf 86' lang='lat' dir='ltr'>sive</span> <span class='ocrx_word' id='word_1_6' title='bbox 1027 214 1144 253; x_wconf 82' lang='lat' dir='ltr'>etiam</span> <span class='ocrx_word' id='word_1_7' title='bbox 1171 219 1262 253; x_wconf 88' lang='lat' dir='ltr'>ante</span> <span class='ocrx_word' id='word_1_8' title='bbox 1289 214 1487 263; x_wconf 81' lang='lat' dir='ltr'>Leucippi,</span> <span class='ocrx_word' id='word_1_9' title='bbox 1523 218 1610 253; x_wconf 75' lang='lat' dir='ltr'>esse</span> <span class='ocrx_word' id='word_1_10' title='bbox 1635 225 1722 254; x_wconf 89' lang='lat' dir='ltr'>cor-</span> 
     </span>
     <span class='ocr_line' id='line_1_3' title="bbox 345 287 1722 338; baseline 0.001 -13"><span class='ocrx_word' id='word_1_11' title='bbox 345 287 532 338; x_wconf 88' lang='lat' dir='ltr'>„puscula</span> <span class='ocrx_word' id='word_1_12' title='bbox 567 287 757 336; x_wconf 79' lang='lat' dir='ltr'>quaedam</span> <span class='ocrx_word' id='word_1_13' title='bbox 791 288 907 335; x_wconf 86' lang='lat' dir='ltr'>levia,</span> <span class='ocrx_word' id='word_1_14' title='bbox 945 287 1021 326; x_wconf 87' lang='lat' dir='ltr'>alia</span> <span class='ocrx_word' id='word_1_15' title='bbox 1056 298 1214 336; x_wconf 85' lang='lat' dir='ltr'>aspera,</span> <span class='ocrx_word' id='word_1_16' title='bbox 1251 287 1417 326; x_wconf 87' lang='lat' dir='ltr'>rotunda</span> <span class='ocrx_word' id='word_1_17' title='bbox 1449 287 1545 335; x_wconf 88' lang='lat' dir='ltr'>alia,</span> <span class='ocrx_word' id='word_1_18' title='bbox 1581 288 1722 337; x_wconf 81' lang='lat' dir='ltr'>partim</span> 
     </span>
     <span class='ocr_line' id='line_1_4' title="bbox 345 359 1721 410; baseline 0.001 -12"><span class='ocrx_word' id='word_1_19' title='bbox 345 363 498 410; x_wconf 87' lang='lat' dir='ltr'>„autem</span> <span class='ocrx_word' id='word_1_20' title='bbox 528 360 725 409; x_wconf 79' lang='lat' dir='ltr'>angulata,</span> <span class='ocrx_word' id='word_1_21' title='bbox 755 364 918 399; x_wconf 88' lang='lat' dir='ltr'>curvata</span> <span class='ocrx_word' id='word_1_22' title='bbox 945 361 1134 410; x_wconf 84' lang='lat' dir='ltr'>quaedam</span> <span class='ocrx_word' id='word_1_23' title='bbox 1163 363 1203 398; x_wconf 85' lang='lat' dir='ltr'>et</span> <span class='ocrx_word' id='word_1_24' title='bbox 1230 360 1341 410; x_wconf 86' lang='lat' dir='ltr'>quasi</span> <span class='ocrx_word' id='word_1_25' title='bbox 1368 359 1541 400; x_wconf 80' lang='lat' dir='ltr'>adunca“</span> <span class='ocrx_word' id='word_1_26' title='bbox 1572 364 1645 400; x_wconf 86' lang='lat' dir='ltr'>cet.</span> <span class='ocrx_word' id='word_1_27' title='bbox 1674 359 1721 400; x_wconf 90' lang='lat' dir='ltr'>cf.</span> 
     </span>
     <span class='ocr_line' id='line_1_5' title="bbox 341 433 1471 482; baseline -0.001 -10"><span class='ocrx_word' id='word_1_28' title='bbox 341 433 461 472; x_wconf 88' lang='lat' dir='ltr'>Acad.</span> <span class='ocrx_word' id='word_1_29' title='bbox 491 433 541 480; x_wconf 96' lang='grc' dir='ltr'>ΙΙ,</span> <span class='ocrx_word' id='word_1_30' title='bbox 571 433 591 482; x_wconf 64' lang='grc' dir='ltr'>ξ</span> <span class='ocrx_word' id='word_1_31' title='bbox 621 434 718 480; x_wconf 78' lang='lat'>1213</span> <span class='ocrx_word' id='word_1_32' title='bbox 748 433 942 482; x_wconf 89' lang='lat' dir='ltr'>Theophr.</span> <span class='ocrx_word' id='word_1_33' title='bbox 972 433 1019 472; x_wconf 90' lang='lat' dir='ltr'>de</span> <span class='ocrx_word' id='word_1_34' title='bbox 1047 444 1164 472; x_wconf 89' lang='lat' dir='ltr'>causa</span> <span class='ocrx_word' id='word_1_35' title='bbox 1191 433 1310 482; x_wconf 83' lang='lat' dir='ltr'>plant.</span> <span class='ocrx_word' id='word_1_36' title='bbox 1340 433 1406 481; x_wconf 85' lang='lat' dir='ltr'>VI,</span> <span class='ocrx_word' id='word_1_37' title='bbox 1434 433 1471 472; x_wconf 87' lang='lat'>6.</span> 
     </span>
    </p>

    <p class='ocr_par' dir='ltr' id='par_1_3' title="bbox 341 506 1724 1431">
     <span class='ocr_line' id='line_1_6' title="bbox 446 506 1720 563; baseline 0 -19"><span class='ocrx_word' id='word_1_38' title='bbox 446 506 587 544; x_wconf 85' lang='lat' dir='ltr'>Differt</span> <span class='ocrx_word' id='word_1_39' title='bbox 614 509 743 544; x_wconf 89' lang='lat' dir='ltr'>autem</span> <span class='ocrx_word' id='word_1_40' title='bbox 772 506 1017 544; x_wconf 82' lang='lat' dir='ltr'>Democritus</span> <span class='ocrx_word' id='word_1_41' title='bbox 1034 506 1099 563; x_wconf 36' lang='lat' dir='ltr'>‚ab</span> <span class='ocrx_word' id='word_1_42' title='bbox 1126 506 1296 554; x_wconf 88' lang='lat' dir='ltr'>Epicuro</span> <span class='ocrx_word' id='word_1_43' title='bbox 1325 506 1385 544; x_wconf 90' lang='lat' dir='ltr'>vel</span> <span class='ocrx_word' id='word_1_44' title='bbox 1412 507 1593 553; x_wconf 83' lang='lat' dir='ltr'>maxime,</span> <span class='ocrx_word' id='word_1_45' title='bbox 1631 506 1720 544; x_wconf 92' lang='lat' dir='ltr'>dum</span> 
     </span>
     <span class='ocr_line' id='line_1_7' title="bbox 341 578 1720 629; baseline 0 -11"><span class='ocrx_word' id='word_1_46' title='bbox 341 579 570 618; x_wconf 85' lang='lat' dir='ltr'>varietatem</span> <span class='ocrx_word' id='word_1_47' title='bbox 600 582 815 618; x_wconf 86' lang='lat' dir='ltr'>atomorum</span> <span class='ocrx_word' id='word_1_48' title='bbox 853 578 1041 618; x_wconf 75' lang='lat' dir='ltr'>infinitam</span> <span class='ocrx_word' id='word_1_49' title='bbox 1079 589 1164 618; x_wconf 86' lang='lat' dir='ltr'>esse</span> <span class='ocrx_word' id='word_1_50' title='bbox 1192 579 1291 627; x_wconf 83' lang='lat' dir='ltr'>vult,</span> <span class='ocrx_word' id='word_1_51' title='bbox 1329 590 1406 629; x_wconf 88' lang='lat' dir='ltr'>qua</span> <span class='ocrx_word' id='word_1_52' title='bbox 1439 590 1569 619; x_wconf 87' lang='lat' dir='ltr'>rerum</span> <span class='ocrx_word' id='word_1_53' title='bbox 1596 578 1720 618; x_wconf 91' lang='lat' dir='ltr'>infini-</span> 
     </span>
     <span class='ocr_line' id='line_1_8' title="bbox 342 653 1721 702; baseline 0.001 -12"><span class='ocrx_word' id='word_1_54' title='bbox 342 657 420 691; x_wconf 86' lang='lat' dir='ltr'>tam</span> <span class='ocrx_word' id='word_1_55' title='bbox 448 653 678 691; x_wconf 86' lang='lat' dir='ltr'>varietatem</span> <span class='ocrx_word' id='word_1_56' title='bbox 707 653 883 701; x_wconf 85' lang='lat' dir='ltr'>explicet.</span> <span class='ocrx_word' id='word_1_57' title='bbox 937 653 1000 691; x_wconf 89' lang='lat' dir='ltr'>Ita</span> <span class='ocrx_word' id='word_1_58' title='bbox 1036 656 1206 691; x_wconf 81' lang='lat' dir='ltr'>testatur</span> <span class='ocrx_word' id='word_1_59' title='bbox 1241 653 1360 691; x_wconf 87' lang='lat' dir='ltr'>Arist.</span> <span class='ocrx_word' id='word_1_60' title='bbox 1395 653 1443 691; x_wconf 89' lang='lat' dir='ltr'>de</span> <span class='ocrx_word' id='word_1_61' title='bbox 1471 664 1558 702; x_wconf 84' lang='lat' dir='ltr'>gen.</span> <span class='ocrx_word' id='word_1_62' title='bbox 1587 656 1627 691; x_wconf 88' lang='lat' dir='ltr'>et</span> <span class='ocrx_word' id='word_1_63' title='bbox 1653 653 1721 691; x_wconf 87' lang='lat' dir='ltr'>int.</span> 
     </span>
     <span class='ocr_line' id='line_1_9' title="bbox 341 723 1724 780; baseline 0 -15"><span class='ocrx_word' id='word_1_64' title='bbox 341 725 371 772; x_wconf 95' lang='grc' dir='ltr'>Ι,</span> <span class='ocrx_word' id='word_1_65' title='bbox 400 727 447 765; x_wconf 81' lang='lat'>2:</span> <span class='ocrx_word' id='word_1_66' title='bbox 487 724 597 776; x_wconf 62' lang='grc' dir='ltr'><em>»ἐπεὶ</em></span> <span class='ocrx_word' id='word_1_67' title='bbox 629 724 665 765; x_wconf 78' lang='grc' dir='ltr'>δ’</span> <span class='ocrx_word' id='word_1_68' title='bbox 684 723 808 778; x_wconf 75' lang='grc' dir='ltr'>ᾤοντο</span> <span class='ocrx_word' id='word_1_69' title='bbox 840 724 874 765; x_wconf 72' lang='grc' dir='ltr'>τ’</span> <span class='ocrx_word' id='word_1_70' title='bbox 906 724 1056 777; x_wconf 65' lang='grc' dir='ltr'><em>ἀληθὲς</em></span> <span class='ocrx_word' id='word_1_71' title='bbox 1083 725 1125 766; x_wconf 78' lang='grc' dir='ltr'>ἐν</span> <span class='ocrx_word' id='word_1_72' title='bbox 1151 729 1207 777; x_wconf 75' lang='grc' dir='ltr'>τῷ</span> <span class='ocrx_word' id='word_1_73' title='bbox 1238 726 1469 780; x_wconf 72' lang='grc' dir='ltr'>φαίνεσθαι,</span> <span class='ocrx_word' id='word_1_74' title='bbox 1498 725 1653 767; x_wconf 81' lang='grc' dir='ltr'><strong><em>ἐναντία</em></strong></span> <span class='ocrx_word' id='word_1_75' title='bbox 1680 725 1724 765; x_wconf 82' lang='grc' dir='ltr'>δὲ</span> 
     </span>
     <span class='ocr_line' id='line_1_10' title="bbox 342 795 1719 853; baseline 0 -15"><span class='ocrx_word' id='word_1_76' title='bbox 342 800 408 838; x_wconf 82' lang='grc' dir='ltr'>καὶ</span> <span class='ocrx_word' id='word_1_77' title='bbox 445 796 597 853; x_wconf 71' lang='grc' dir='ltr'><em>ἄπειρα</em></span> <span class='ocrx_word' id='word_1_78' title='bbox 632 799 682 839; x_wconf 79' lang='grc' dir='ltr'>τὰ</span> <span class='ocrx_word' id='word_1_79' title='bbox 719 796 960 852; x_wconf 79' lang='grc' dir='ltr'>φαινόμενα,</span> <span class='ocrx_word' id='word_1_80' title='bbox 1006 798 1055 839; x_wconf 79' lang='grc' dir='ltr'>τὰ</span> <span class='ocrx_word' id='word_1_81' title='bbox 1088 795 1270 850; x_wconf 77' lang='grc' dir='ltr'>σχήματα</span> <span class='ocrx_word' id='word_1_82' title='bbox 1306 797 1456 850; x_wconf 74' lang='grc' dir='ltr'><em>ἄπειρα</em></span> <span class='ocrx_word' id='word_1_83' title='bbox 1491 797 1719 850; x_wconf 72' lang='grc' dir='ltr'>ἕποι’ὴσαν.“</span> 
     </span>
     <span class='ocr_line' id='line_1_11' title="bbox 341 867 1722 925; baseline 0.001 -15"><span class='ocrx_word' id='word_1_84' title='bbox 341 872 449 911; x_wconf 86' lang='lat' dir='ltr'>Idem</span> <span class='ocrx_word' id='word_1_85' title='bbox 477 872 525 911; x_wconf 84' lang='lat' dir='ltr'>de</span> <span class='ocrx_word' id='word_1_86' title='bbox 561 872 669 911; x_wconf 83' lang='lat' dir='ltr'>coelo</span> <span class='ocrx_word' id='word_1_87' title='bbox 696 871 767 919; x_wconf 93' lang='grc' dir='ltr'>ΙΙΙ,</span> <span class='ocrx_word' id='word_1_88' title='bbox 795 872 840 910; x_wconf 88' lang='lat'>4:</span> <span class='ocrx_word' id='word_1_89' title='bbox 873 870 984 922; x_wconf 63' lang='lat' dir='ltr'>„gnei</span> <span class='ocrx_word' id='word_1_90' title='bbox 1013 871 1200 925; x_wconf 72' lang='grc' dir='ltr'><em>διαφέρει</em></span> <span class='ocrx_word' id='word_1_91' title='bbox 1233 871 1280 911; x_wconf 69' lang='grc' dir='ltr'>τὰ</span> <span class='ocrx_word' id='word_1_92' title='bbox 1312 867 1480 922; x_wconf 82' lang='grc' dir='ltr'>σώματα</span> <span class='ocrx_word' id='word_1_93' title='bbox 1513 869 1722 923; x_wconf 80' lang='grc' dir='ltr'>σχήμασιν,</span> 
     </span>
     <span class='ocr_line' id='line_1_12' title="bbox 342 940 1722 998; baseline -0.001 -14"><span class='ocrx_word' id='word_1_94' title='bbox 342 943 493 998; x_wconf 75' lang='grc' dir='ltr'><em>ἄπειρα</em></span> <span class='ocrx_word' id='word_1_95' title='bbox 521 945 565 984; x_wconf 82' lang='grc' dir='ltr'>δὲ</span> <span class='ocrx_word' id='word_1_96' title='bbox 591 944 641 984; x_wconf 76' lang='grc' dir='ltr'>τὰ</span> <span class='ocrx_word' id='word_1_97' title='bbox 669 941 862 996; x_wconf 79' lang='grc' dir='ltr'>σχήματα,</span> <span class='ocrx_word' id='word_1_98' title='bbox 891 942 1040 995; x_wconf 73' lang='grc' dir='ltr'><em>ἄπειρα</em></span> <span class='ocrx_word' id='word_1_99' title='bbox 1079 945 1144 984; x_wconf 84' lang='grc' dir='ltr'>καὶ</span> <span class='ocrx_word' id='word_1_100' title='bbox 1181 944 1230 984; x_wconf 77' lang='grc' dir='ltr'>τὰ</span> <span class='ocrx_word' id='word_1_101' title='bbox 1263 942 1372 984; x_wconf 68' lang='grc' dir='ltr'>ἁπλᾶ</span> <span class='ocrx_word' id='word_1_102' title='bbox 1407 940 1573 994; x_wconf 81' lang='grc' dir='ltr'>σώματά</span> <span class='ocrx_word' id='word_1_103' title='bbox 1599 958 1722 997; x_wconf 84' lang='grc' dir='ltr'>φασιν</span> 
     </span>
     <span class='ocr_line' id='line_1_13' title="bbox 342 1013 1721 1066; baseline -0.001 -8"><span class='ocrx_word' id='word_1_104' title='bbox 342 1014 485 1058; x_wconf 85' lang='grc' dir='ltr'>εἶναι.“</span> <span class='ocrx_word' id='word_1_105' title='bbox 543 1016 675 1066; x_wconf 89' lang='lat' dir='ltr'>Simpl.</span> <span class='ocrx_word' id='word_1_106' title='bbox 705 1017 753 1056; x_wconf 90' lang='lat' dir='ltr'>ad</span> <span class='ocrx_word' id='word_1_107' title='bbox 775 1016 895 1056; x_wconf 87' lang='lat' dir='ltr'>Arist.</span> <span class='ocrx_word' id='word_1_108' title='bbox 924 1016 1035 1066; x_wconf 87' lang='lat' dir='ltr'>phys.</span> <span class='ocrx_word' id='word_1_109' title='bbox 1064 1016 1127 1056; x_wconf 91' lang='lat' dir='ltr'>fol.</span> <span class='ocrx_word' id='word_1_110' title='bbox 1148 1017 1192 1055; x_wconf 83' lang='lat'>7:</span> <span class='ocrx_word' id='word_1_111' title='bbox 1223 1018 1315 1064; x_wconf 82' lang='grc' dir='ltr'>,,καὶ</span> <span class='ocrx_word' id='word_1_112' title='bbox 1343 1021 1423 1058; x_wconf 78' lang='grc' dir='ltr'>τῶν</span> <span class='ocrx_word' id='word_1_113' title='bbox 1450 1016 1491 1057; x_wconf 81' lang='grc' dir='ltr'>ἐν</span> <span class='ocrx_word' id='word_1_114' title='bbox 1517 1021 1603 1063; x_wconf 81' lang='grc' dir='ltr'><em>τοῖς</em></span> <span class='ocrx_word' id='word_1_115' title='bbox 1632 1013 1721 1057; x_wconf 70' lang='grc' dir='ltr'><em>οἰτό-</em></span> 
     </span>
     <span class='ocr_line' id='line_1_14' title="bbox 341 1087 1722 1144; baseline -0.001 -13"><span class='ocrx_word' id='word_1_116' title='bbox 341 1106 435 1141; x_wconf 83' lang='grc' dir='ltr'>μοις</span> <span class='ocrx_word' id='word_1_117' title='bbox 462 1087 675 1142; x_wconf 79' lang='grc' dir='ltr'>σχημάτων</span> <span class='ocrx_word' id='word_1_118' title='bbox 701 1089 871 1144; x_wconf 75' lang='grc' dir='ltr'>ἄπειρον</span> <span class='ocrx_word' id='word_1_119' title='bbox 897 1090 942 1130; x_wconf 82' lang='grc' dir='ltr'>τὸ</span> <span class='ocrx_word' id='word_1_120' title='bbox 969 1088 1129 1140; x_wconf 70' lang='grc' dir='ltr'><strong><em>πλῆθός</em></strong></span> <span class='ocrx_word' id='word_1_121' title='bbox 1165 1104 1266 1144; x_wconf 74' lang='grc' dir='ltr'>φασι</span> <span class='ocrx_word' id='word_1_122' title='bbox 1295 1089 1365 1131; x_wconf 78' lang='grc' dir='ltr'>διὰ</span> <span class='ocrx_word' id='word_1_123' title='bbox 1390 1090 1435 1130; x_wconf 83' lang='grc' dir='ltr'>τὸ</span> <span class='ocrx_word' id='word_1_124' title='bbox 1468 1090 1590 1141; x_wconf 80' lang='grc' dir='ltr'>μηδὲν</span> <span class='ocrx_word' id='word_1_125' title='bbox 1623 1091 1722 1140; x_wconf 82' lang='grc' dir='ltr'>μᾶλ-</span> 
     </span>
     <span class='ocr_line' id='line_1_15' title="bbox 342 1161 1722 1216; baseline -0.001 -12"><span class='ocrx_word' id='word_1_126' title='bbox 342 1165 411 1204; x_wconf 82' lang='grc' dir='ltr'>λον</span> <span class='ocrx_word' id='word_1_127' title='bbox 437 1169 621 1205; x_wconf 83' lang='grc' dir='ltr'>τοιοῦτον</span> <span class='ocrx_word' id='word_1_128' title='bbox 649 1161 674 1216; x_wconf 79' lang='grc' dir='ltr'><em>ἢ</em></span> <span class='ocrx_word' id='word_1_129' title='bbox 701 1168 883 1204; x_wconf 84' lang='grc' dir='ltr'>τοιοῦτον</span> <span class='ocrx_word' id='word_1_130' title='bbox 911 1161 1028 1204; x_wconf 82' lang='grc' dir='ltr'><em>εἶναι·</em></span> <span class='ocrx_word' id='word_1_131' title='bbox 1060 1163 1206 1215; x_wconf 71' lang='grc' dir='ltr'>ταύτην</span> <span class='ocrx_word' id='word_1_132' title='bbox 1233 1164 1298 1203; x_wconf 83' lang='grc' dir='ltr'>καὶ</span> <span class='ocrx_word' id='word_1_133' title='bbox 1326 1164 1484 1215; x_wconf 76' lang='grc' dir='ltr'>γένησιν</span> <span class='ocrx_word' id='word_1_134' title='bbox 1511 1165 1576 1203; x_wconf 85' lang='grc' dir='ltr'>καὶ</span> <span class='ocrx_word' id='word_1_135' title='bbox 1604 1178 1722 1214; x_wconf 81' lang='grc' dir='ltr'>μετα-</span> 
     </span>
     <span class='ocr_line' id='line_1_16' title="bbox 342 1233 1721 1289; baseline -0.002 -13"><span class='ocrx_word' id='word_1_136' title='bbox 342 1237 468 1287; x_wconf 75' lang='grc' dir='ltr'>βολὴν</span> <span class='ocrx_word' id='word_1_137' title='bbox 511 1234 773 1277; x_wconf 67' lang='grc' dir='ltr'>ἀδιάλειπτον</span> <span class='ocrx_word' id='word_1_138' title='bbox 806 1236 848 1276; x_wconf 78' lang='grc' dir='ltr'>ἐν</span> <span class='ocrx_word' id='word_1_139' title='bbox 890 1241 976 1282; x_wconf 82' lang='grc' dir='ltr'><em>τοῖς</em></span> <span class='ocrx_word' id='word_1_140' title='bbox 1013 1233 1103 1276; x_wconf 80' lang='grc' dir='ltr'>οὖσι</span> <span class='ocrx_word' id='word_1_141' title='bbox 1140 1238 1425 1289; x_wconf 72' lang='grc' dir='ltr'>θεωροῦντες.“</span> <span class='ocrx_word' id='word_1_142' title='bbox 1472 1235 1519 1275; x_wconf 86' lang='lat' dir='ltr'>cf.</span> <span class='ocrx_word' id='word_1_143' title='bbox 1556 1236 1721 1274; x_wconf 85' lang='lat' dir='ltr'>Brandis</span> 
     </span>
     <span class='ocr_line' id='line_1_17' title="bbox 342 1308 1721 1359; baseline 0 -11"><span class='ocrx_word' id='word_1_144' title='bbox 342 1321 430 1359; x_wconf 86' lang='lat' dir='ltr'>pag.</span> <span class='ocrx_word' id='word_1_145' title='bbox 468 1310 557 1349; x_wconf 88' lang='lat'>303.</span> <span class='ocrx_word' id='word_1_146' title='bbox 621 1309 849 1349; x_wconf 86' lang='lat' dir='ltr'>Lactantius</span> <span class='ocrx_word' id='word_1_147' title='bbox 887 1309 934 1348; x_wconf 89' lang='lat' dir='ltr'>de</span> <span class='ocrx_word' id='word_1_148' title='bbox 970 1309 1029 1347; x_wconf 85' lang='lat' dir='ltr'>ira</span> <span class='ocrx_word' id='word_1_149' title='bbox 1063 1309 1126 1347; x_wconf 90' lang='lat' dir='ltr'>dei</span> <span class='ocrx_word' id='word_1_150' title='bbox 1161 1320 1244 1357; x_wconf 87' lang='lat' dir='ltr'>cap.</span> <span class='ocrx_word' id='word_1_151' title='bbox 1281 1309 1316 1347; x_wconf 90' lang='lat' dir='ltr'>X</span> <span class='ocrx_word' id='word_1_152' title='bbox 1353 1308 1589 1357; x_wconf 85' lang='lat' dir='ltr'>Leucippum</span> <span class='ocrx_word' id='word_1_153' title='bbox 1628 1308 1721 1348; x_wconf 87' lang='lat' dir='ltr'>haec</span> 
     </span>
     <span class='ocr_line' id='line_1_18' title="bbox 342 1381 1720 1431; baseline 0 -9"><span class='ocrx_word' id='word_1_154' title='bbox 342 1383 423 1423; x_wconf 87' lang='lat' dir='ltr'>fere</span> <span class='ocrx_word' id='word_1_155' title='bbox 452 1384 580 1422; x_wconf 89' lang='lat' dir='ltr'>omnia</span> <span class='ocrx_word' id='word_1_156' title='bbox 608 1384 656 1422; x_wconf 87' lang='lat' dir='ltr'>de</span> <span class='ocrx_word' id='word_1_157' title='bbox 684 1387 900 1422; x_wconf 86' lang='lat' dir='ltr'>atomorum</span> <span class='ocrx_word' id='word_1_158' title='bbox 936 1381 1070 1431; x_wconf 85' lang='lat' dir='ltr'>figuris</span> <span class='ocrx_word' id='word_1_159' title='bbox 1106 1382 1238 1421; x_wconf 87' lang='lat' dir='ltr'>itidem</span> <span class='ocrx_word' id='word_1_160' title='bbox 1276 1382 1454 1421; x_wconf 85' lang='lat' dir='ltr'>docuisse</span> <span class='ocrx_word' id='word_1_161' title='bbox 1482 1393 1552 1420; x_wconf 88' lang='lat' dir='ltr'>nos</span> <span class='ocrx_word' id='word_1_162' title='bbox 1580 1385 1720 1422; x_wconf 83' lang='lat' dir='ltr'>monet.</span> 
     </span>
    </p>
   </div>
  </div>
 </body>
</html>
