1968 2859
222 202 250 248 1,
267 202 362 239 812:
409 193 649 251 ‚3adiutamur
659 204 755 248 enim
772 204 889 248 dubio
913 202 1041 251 procul
1065 206 1174 253 atque
1199 205 1343 249 alimur
1352 216 1419 241 nos

274 262 277 264 ’
406 262 540 308 „certi-s
565 263 611 299 ab
636 262 756 308 rebuS‚
781 262 890 298 certis
915 262 1012 298 aliae
1035 264 1146 308 atque
1170 262 1264 298 aliae
1287 273 1366 310 res3

406 320 605 366 „nimirum,
630 319 717 366 quia
739 320 852 357 multa
875 320 993 356 modis
1017 320 1218 356 communia
1240 316 1361 356 multis

405 378 621 423 „multarum
644 381 764 413 reruni
787 378 825 413 in
848 378 958 414 rebus
981 378 1179 423 primordia
1201 377 1313 413 mixta

338 483 342 487 .
408 437 536 481 ‚,sunt,‚
550 434 634 471 ideo
659 435 771 471 variis
795 435 920 472 variae
943 445 1003 471 res
1026 435 1136 471 rebus
1160 432 1340 470 aluntur.“

324 523 546 563 Tenendum
581 526 711 563 autem
752 527 829 572 est,
866 524 905 562 in
924 515 1008 562 'tali
1049 523 1348 573 primordiorum
1383 535 1588 563 coacerva-

192 648 194 650 ι
220 597 322 636 tione
345 584 461 646 Jaliud
502 597 655 637 minime
688 600 913 647 penetrasse
948 596 1072 646 aliud,
1115 608 1201 637 oum
1246 588 1415 647 quidque
1449 601 1589 639 natura

220 670 393 709 solidum*
409 670 476 718 sit3
514 670 618 709 aliud
650 655 770 724 igitur
801 670 915 710 modo
942 670 1051 724 iuxta
1078 670 1183 709 aliud
1216 666 1386 719 positum
1421 674 1482 710 est
1517 680 1588 711 neo

220 755 371 794 quoque
397 743 453 783 ita
479 746 598 792 arcte,
627 747 671 783 ut
697 743 940 783 intervallum
965 743 1068 783 inter
1095 743 1247 793 singula
1273 743 1483 794 primordia
1511 754 1604 784 non⁴

171 840 174 843 >
219 817 470 871 relinquatur.
530 804 718 856 Nimirum
761 818 874 856 inane
915 804 1067 867 semper
1108 817 1247 867 cuique
1280 818 1467 857 materiae
1498 829 1589 858 con-

219 875 376 940 gressae
402 888 649 931 interiectum
675 893 821 943 manet,
860 890 963 940 quod
998 890 1059 929 vel
1094 890 1196 929 inter
1233 890 1329 930 duas
1364 890 1467 930 solas
1504 893 1588 930 ato·

142 1003 145 1007 ,
200 966 302 1021 ‘'mos
330 964 545 1018 intercidit,
599 965 700 1003 unde
736 958 806 1013 pro
833 964 1042 1003 maioribus
1077 963 1337 1003 minoribusve
1375 950 1588 1007 intervallis

172 1033 175 1037 ’
219 1048 349 1077 omnes
362 1029 364 1031 ’
377 1048 440 1077 res
468 1039 537 1076 aut
562 1036 753 1076 molliores
781 1039 851 1076 aut
878 1036 1053 1076 duriores
1081 1036 1260 1089 evadunt.
1285 1035 1481 1076 Probatur
1506 1036 1587 1076 his:

221 1133 250 1177 Ι,
276 1134 362 1169 329:
412 1135 630 1179 „praeterea
652 1132 816 1176 quamvis
841 1133 981 1167 solidae
1006 1143 1066 1167 res
1091 1143 1172 1167 esse
1195 1134 1376 1177 putentur,

403 1188 488 1225 hino
510 1191 632 1225 tamen
654 1188 742 1225 licet
764 1200 847 1225 raro
872 1199 953 1254 oum
977 1199 1128 1235 corpore
1153 1198 1292 1225 cernas.
1318 1187 1364 1225 ef.
1389 1189 1418 1224 Ι.
1443 1172 1523 1226 843.

218 1279 362 1318 scilicet
391 1279 494 1328 quod
521 1279 616 1318 alias
650 1291 713 1331 res
750 1279 864 1318 alias
881 1251 1086 1331 penetrare
1119 1275 1315 1326 videmus,
1352 1290 1492 1328 aquam
1519 1290 1590 1328 per

218 1351 330 1400 sexa,
377 1351 502 1391 cibum
545 1362 616 1402 per
656 1362 816 1402 corpus,
858 1362 971 1391 voces
1008 1345 1078 1401 per
1113 1351 1295 1401 parietes,
1360 1346 1589 1392 RectisSime

218 1425 355 1464 deinde
383 1425 515 1464 eadem
543 1436 590 1463 ex
630 1436 748 1464 causa
788 1426 894 1464 ducit
920 1428 1056 1480 poeta,
1098 1422 1228 1463 rerum
1264 1425 1415 1474 pondus
1443 1436 1490 1464 ex
1517 1437 1583 1464 ea-

185 1533 188 1535 .
217 1510 300 1538 rum
338 1497 484 1538 ambitu
529 1501 687 1538 externo
731 1498 884 1538 minime
917 1497 1104 1548 pendere,
1126 1545 1128 1547 ¹
1149 1497 1218 1537 sed
1252 1497 1381 1547 potius
1417 1509 1465 1537 ex
1499 1498 1578 1547 illo,

219 1572 365 1622 quanta
391 1575 431 1610 et
458 1575 553 1622 quot
579 1572 702 1610 inanis
730 1572 941 1611 intervalla·
958 1572 1087 1611 insint.
1144 1571 1402 1611 Conferantur
1419 1571 1540 1615 haec:

158 1699 160 1701 ,
218 1668 247 1713 1,
272 1662 358 1704 358:
407 1666 588 1713 „denique
614 1678 677 1703 eur
701 1667 793 1703 alias
816 1667 900 1715 aliis
923 1669 1112 1712 praestare
1132 1665 1301 1702 'videmus

354 1728 356 1730 '
403 1724 587 1771 „pondere
611 1735 671 1760 res
695 1725 805 1760 rebus
829 1721 903 1760 nilo
927 1724 1063 1760 maiore
1087 1723 1226 1769 figura?

403 1851 514 1885 „ergo
540 1840 638 1885 quod
660 1842 865 1885 magnumst
888 1831 1005 1885 seque
1028 1840 1218 1884 leviusque
1241 1839 1390 1878 videtur

403 1897 592 1944 ⁷‚nimirum
614 1899 697 1944 plus
722 1895 803 1935 'esse
829 1897 899 1933 sibi
923 1897 1086 1934 declarat
1108 1897 1237 1943 inanis,

403 1958 466 2001 „at
490 1958 615 1992 eontra
639 1956 786 2001 gravius
810 1956 892 2001 plus
915 1955 953 1990 in
978 1966 1017 1992 se
1041 1955 1203 2001 corporis
1228 1966 1309 1991 esse
1372 1946 1376 1950 ⁴
1429 1958 1432 1962 ’

403 2008 576 2059 ,ᾗᾶθᾱίοαίῑ
597 2015 632 2049 et
655 2014 766 2049 multo
791 2023 945 2049 vacuum
969 2013 1092 2057 minus,
1109 2013 1207 2048 intus
1231 2011 1404 2049 habere.“

215 2093 243 2136 Ι,
268 2093 355 2128 565:
404 2091 498 2136 „huo
523 2091 676 2137 accedit,
701 2092 765 2136 uti,
791 2091 1011 2129 solidissima
1034 2091 1199 2127 materiai

402 2149 580 2194 „corpora
608 2159 688 2184 oum
712 2151 887 2194 constant,
912 2148 1054 2194 possint
1076 2151 1197 2185 tamen
1221 2148 1342 2188 omnia
1364 2149 1470 2185 reddi

403 2205 562 2252 „mollia‚
589 2217 681 2252 quae
705 2206 804 2252 fiunt,
829 2217 903 2252 aer,
928 2217 1035 2253 aqua,
1059 2208 1167 2252 terra,
1192 2217 1359 2253 vapores,

402 2275 498 2309 „quo
521 2266 628 2309 pacto
652 2264 741 2300 fiant
765 2267 802 2301 et
827 2275 898 2310 qua
922 2265 960 2300 vi
985 2275 1152 2314 quaeque
1176 2267 1362 2310 geruntur,

402 2322 622 2367 „admixtum
649 2322 819 2368 quoniam
844 2324 954 2359 semel
980 2325 1036 2359 est
1058 2323 1096 2358 in
1119 2323 1229 2359 rebus
1252 2323 1370 2359 inane.

320 2411 378 2449 De
398 2411 584 2450 vocabulo
613 2399 783 2459 „semeP‘
812 2412 1022 2451 notandum
1047 2415 1119 2460 est,
1149 2412 1232 2451 eius
1260 2412 1336 2451 vim
1362 2412 1461 2452 hanc
1490 2423 1586 2460 esse,

178 2479 181 2483 ’
217 2495 330 2534 quam
349 2483 481 2532 lingua
499 2484 718 2533 germanica
743 2484 878 2523 habet:
908 2485 969 2523 ein
996 2484 1059 2523 fiir
1085 2485 1248 2532 allemal,
1278 2485 1339 2523 vel
1365 2485 1436 2523 mit
1463 2486 1586 2523 einem

216 2557 329 2597 Male.
367 2555 414 2596 cf.
443 2557 530 2596 adn.
555 2556 721 2596 Haverc.
743 2551 786 2596 'in
822 2557 924 2597 hune
956 2557 1027 2598 loc.
1081 2557 1255 2597 Alterum
1282 2557 1448 2602 maioris,
1465 2557 1588 2596 mino-
