1968 2859
534 188 625 246 „sed
649 188 821 234 quoniam
847 188 954 225 docui
982 188 1206 228 solidissima
1227 165 1392 227 materiai

537 243 716 291 „corpora
741 249 918 291 perpetuo
943 246 1098 313 volitare
1124 246 1260 282 invicta
1284 257 1349 292 per
1373 246 1538 293 aevom;“
1559 286 1561 289 ,

291 350 293 352 ·
325 322 395 372 1(16
440 333 581 382 quibus
618 333 700 378 hic
732 333 858 373 obiter
902 337 1076 373 notatum
1114 334 1183 382 sit,
1231 337 1300 373 aut
1335 346 1402 373 eos
1438 346 1517 374 suo
1544 335 1629 375 loco
1657 347 1732 374 non

349 418 436 446 esse
462 409 643 455 insertos,
673 411 742 446 aut
761 412 915 457 poetam
944 409 991 447 de
1017 409 1076 454 116
1107 420 1205 457 quae
1233 409 1311 447 iam
1329 409 1517 457 docuerit,
1546 408 1636 457 falli,
1665 413 1734 448 aut

346 484 478 519 textus
506 480 671 519 forsitan
699 482 876 520 lacunam
905 483 944 520 in
972 482 1297 530 praecedentibus
1324 494 1422 530 esse,
1453 495 1538 521 nam
1568 483 1615 535 de
1643 482 1732 531 per-

349 557 468 604 petuo
506 541 722 594 atomorum
760 558 867 594 motu
901 554 975 594 huc
1013 566 1137 605 usque
1164 555 1258 596 nihil
1291 559 1351 595 est
1383 559 1732 600 commemoratum.

348 628 530 667 Pluribus
566 628 723 677 quidem
760 628 854 667 locis
891 629 938 666 de
973 633 1079 668 motu
1107 629 1259 668 locutus
1301 634 1382 677 est,
1421 630 1605 678 imprimis
1647 641 1733 668 cum

350 701 404 741 de
435 701 546 744 inani:
577 701 808 749 dissereret,
854 706 896 741 at
932 703 1106 743 nondum
1127 702 1249 742 dixit·
1270 703 1501 753 „primord-ia
1545 706 1736 752 perpetuo

349 772 553 821 voluisse&
592 775 695 824 quod
733 775 858 813 fusius
895 776 934 813 in
968 776 1139 814 secundo
1169 776 1272 814 vlibro
1309 776 1488 825 explicat.
1547 777 1630 823 Quo
1657 777 1737 814 iam*

347 848 483 887 melius
512 848 596 889 eius
624 848 696 889 hac
726 848 774 887 de
802 860 843 887 re
873 849 1089 889 sententiae
1118 849 1397 898 intelligantur,
1428 861 1557 888 earum
1586 849 1732 896 ordine,

348 921 414 969 qui
436 922 496 960 -in
530 922 699 961 carmine
728 927 926 968 servatur,
964 922 1100 960 relicto
1128 922 1215 960 illas
1242 922 1316 968 ita,
1355 926 1398 960 ut
1425 922 1574 961 ratione
1609 923 1734 970 logica·

348 997 580 1043 sequuntur,
612 997 896 1033 connectemus.
951 994 1074 1032 Poeta
1101 993 1235 1042 incipit
1262 999 1391 1032 autem
1420 994 1543 1033 hisce:

349 1094 396 1138 11,
422 1097 485 1130 80:
536 1095 598 1139 „Si
625 1105 770 1129 cessare
795 1096 901 1138 putas
927 1105 1046 1128 rerum
1071 1094 1268 1138 primordia
1292 1104 1400 1138 posse
1425 1092 1518 1137 (scil.
1545 1105 1567 1128 a
1590 1093 1706 1142 motu)

540 1151 818 1197 „cessandoque
844 1162 959 1187 novos
985 1162 1104 1186 rerum
1129 1151 1347 1197 progignere
1373 1153 1502 1196 motus,

537 1210 666 1254 „avius
691 1221 713 1244 a
737 1220 827 1257 vera
851 1210 960 1254 longe
985 1209 1126 1245 ratione
1152 1210 1317 1254 vagaris3

536 1278 643 1313 „nam
668 1266 837 1313 quoniam
862 1277 928 1312 per
951 1266 1059 1302 inane
1084 1268 1275 1312 vagantur,
1301 1269 1429 1301 cuncta
1452 1268 1641 1301 necessest

538 1327 627 1368 „aut
652 1325 835 1368 gravitate
862 1336 929 1358 sua
954 1325 1041 1359 ferri
1066 1324 1263 1368 primordia
1287 1335 1404 1358 rerum

538 1382 625 1426 „aut
649 1380 723 1415 ictu
747 1380 841 1416 forte
868 1380 1037 1415 alterius:
1064 1390 1146 1415 nam
1172 1390 1252 1415 611111
1277 1379 1350 1414 cita
1375 1390 1485 1424 saepe

536 1440 672 1485 „obvia
695 1440 901 1484 conflixere,
927 1438 967 1473 fit
991 1441 1031 1474 ut
1056 1439 1203 1474 diversa
1226 1440 1376 1482 repente

535 1496 754 1541 ‚,dissiliant:
780 1507 899 1541 neque
926 1496 1021 1531 enim
1045 1496 1184 1540 mirum,
1211 1495 1404 1532 durissima
1429 1506 1523 1541 quae
1549 1496 1622 1537 61111.

537 1553 785 1600 „ponderibus
811 1554 938 1589 solidis
963 1564 1080 1599 neque
1108 1553 1301 1599 quicquam
1319 1564 1341 1588 a
1357 1555 1461 1598 tergo
1479 1553 1561 1588 ibus
1578 1551 1732 1600 obstet,“

283 1697 285 1699 ,
456 1653 566 1692 Duae
595 1656 745 1694 tantum
774 1656 902 1692 motus
931 1664 1071 1691 causae
1099 1653 1327 1698 afferuntur,
1355 1653 1538 1701 gravitas,
1567 1663 1666 1701 quae
1693 1652 1731 1690 in

291 1775 294 1777 ,
348 1726 520 1775 pondere
549 1725 741 1772 consistit,
771 1730 812 1764 et
837 1726 961 1772 ictus;
991 1726 1067 1764 sed.
1089 1737 1175 1764 cum
1194 1729 1321 1764 motus
1350 1725 1567 1765 necessario
1596 1725 1733 1763 adesse

349 1798 500 1846 debeat,
530 1798 757 1848 priusquam
777 1798 877 1838 ictus
904 1797 988 1837 fieri
1016 1801 1159 1846 potest,
1187 1798 1287 1837 ictus
1308 1799 1391 1846 ipse
1410 1798 1596 1837 movendi.
1616 1809 1736 1837 causa,

348 1872 614 1922 respiciendus
643 1884 718 1913 non
746 1875 808 1911 est
835 1872 907 1911 nisi
926 1871 1126 1919 hactenns,
1157 1875 1358 1922 quatenus.
1378 1883 1495 1912 causa
1522 1870 1565 1911 fit
1593 1868 1731 1911 secun-

349 1946 470 1985 daria.
529 1946 661 1985 Causa,
691 1957 784 1994 ergo
820 1946 946 1994 prima
983 1946 1050 1985 illa
1085 1947 1122 1984 in
1160 1947 1353 1994 gravitate
1389 1946 1465 1984 sita
1502 1951 1563 1984 est
1596 1946 1663 1984 vel.
1693 1945 1733 1984 in

348 2019 531 2067 pondere,
553 2019 656 2068 quod
677 2019 816 2067 cuique
836 2019 940 2058 inest
955 2023 1097 2066 atomo,
1119 2030 1195 2068 quo
1216 2019 1396 2057 deorsum
1415 2030 1567 2067 semper
1585 2019 1635 2066 Η,
1657 2019 1734 2057 190

349 2094 477 2132 omnia
504 2092 682 2133 feruntur
710 2096 750 2132 et
778 2093 944 2142 quidem,
973 2096 1017 2131 ut
1046 2093 1102 2132 ait
1120 2093 1255 2132 Cicero
1277 2093 1324 2131 de
1344 2091 1408 2131 fin.
1434 2093 1464 2140 1,
1486 2092 1508 2139 ξ
1536 2092 1665 2140 18‚-ad
1684 2092 1730 2131 li-

349 2178 471 2214 neam,
492 2167 602 2208 cuius
619 2167 881 2207 testimonium
896 2167 968 2206 hac
984 2167 1031 2205 (16
1047 2178 1089 2205 1-6
1105 2169 1265 2205 tuentur
1281 2166 1436 2205 Lucre-t.
1454 2177 1552 2205 vers.
1569 2166 1618 2214 ΙΙ,
1634 2166 1731 2206 246:

442 2267 620 2302 „namque
645 2256 714 2292 hoc
739 2257 775 2291 in
800 2259 967 2302 promptu
991 2256 1295 2301 manifestumque
1320 2266 1403 2292 esse
1429 2255 1593 2291 videmus

441 2314 640 2359 „pondera,
666 2317 839 2359 quantum
863 2314 899 2348 in
926 2325 965 2350 se
991 2316 1058 2359 est,
1083 2325 1156 2350 non
1180 2324 1290 2359 posse
1316 2314 1465 2358 obliqua
1488 2324 1609 2350 meare

443 2383 512 2417 „ex
537 2383 669 2417 supero
695 2383 775 2409 cum
800 2372 1052 2417 praecipitant,
1079 2372 1178 2417 quod
1203 2382 1350 2409 cernere
1376 2370 1531 2417 possis‚“

453 2461 527 2507 Qui
546 2464 673 2499 motus
703 2462 740 2498 in
770 2460 874 2498 inani
896 2460 1022 2508 spatio
1043 2472 1196 2510 semper
1215 2461 1395 2500 deorsum
1424 2461 1587 2499 tendens
1607 2459 1729 2498 omni-

348 2535 420 2574 bus
448 2536 587 2574 atomis
616 2535 841 2574 celerrimus
870 2538 950 2573 est:
