1968 2859
1527 99 1575 137 41

209 202 422 250 „rationem
449 205 641 255 Epicurus
667 191 817 244 induxit
851 204 900 244 ob
934 216 1019 244 eam
1047 215 1144 252 rem,
1182 203 1284 254 quod
1321 203 1469 244 veritus
1506 206 1578 251 est,

209 287 294 324 ‚,ne‚
331 277 363 316 si
399 289 551 327 semper
585 282 736 317 atomus
763 277 1151 327 gravitate‘ferretur
1179 276 1345 315 naturali
1373 287 1418 316 ac
1446 286 1578 315 neces·

209 349 354 397 „saria,
382 350 476 389 nihil
503 350 665 404 liberum
692 350 801 389 nobis
829 353 945 398 esset,
974 361 1060 390 cum
1087 350 1143 389 ita
1170 352 1391 388 moveretur
1416 350 1578 396 animus,

207 426 277 469 „ut
308 426 521 462 atomorum
557 427 665 462 mot-u
701 426 942 472 cogeretur.“
1003 422 1050 461 cf.
1079 423 1126 461 de
1154 426 1232 461 nat.
1262 422 1367 461 deor.
1395 423 1426 470 Ι,
1455 423 1488 472 ἐ.
1516 423 1578 462 69.

311 495 555 535 Democritus
583 496 630 535 de
658 499 872 535 atomorum
900 499 1007 534 motu
1040 496 1204 534 maxime
1232 495 1424 534 dissentit.
1463 494 1579 534 Certe

206 579 281 607 nou
323 568 453 608 docuit
492 569 784 609 declinationem
806 570 886 617 ¹vel
928 569 1114 609 clinamen
1155 572 1390 616 atomorum,
1437 569 1578 618 quippe

207 641 310 691 quod
347 641 395 680 ab
423 642 592 691 Epicuro
619 642 782 691 primum
812 642 1070 691 excogitatum
1108 642 1177 689 sit,
1220 641 1322 691 quod
1355 653 1376 680 e
1403 641 1578 691 pluribus

207 714 402 754 Ciceronis
430 715 537 753 libris
565 715 704 764 liquet;
737 714 784 753 cf.
813 715 860 754 de
888 714 951 753 fin.
980 715 1009 762 I,
1039 715 1127 764 §17
1145 719 1259 764 seqq;
1289 716 1336 753 de
1364 718 1442 753 nat.
1471 715 1576 754 deor.

205 788 235 835 1,
265 788 285 838 ς
314 789 364 827 69
397 792 437 827 et
465 789 514 827 73
543 792 582 827 et
609 788 657 827 al.
686 789 785 838 plur.
813 788 838 828 1.
901 788 946 827 Id
974 794 1102 827 autem
1136 788 1311 827 omnibus
1349 788 1578 828 testimoniis

205 864 373 909 constat,
416 865 630 900 atomorum
666 865 811 900 motum
853 861 900 900 ab
937 873 982 900 eo
1019 862 1074 901 ita
1114 862 1351 901 declaratum
1387 873 1493 910 esse,
1535 865 1579 901 ut

204 935 322 978 atomi
359 938 548 984 perpetuo
581 936 619 973 in
655 940 762 973 motu
795 939 1091 984 perseverantes
1126 935 1322 984 putandae
1350 936 1438 975 sint.
1494 936 1579 983 Qua

163 1055 166 1058 ‚
204 1019 296 1046 vero
325 1008 474 1047 ratione
501 1011 646 1047 motum
673 1008 1089 1057 ipsum-explicaverit,
1118 1019 1193 1047 non
1218 1008 1314 1047 satis
1332 1008 1577 1057 perspicuum

207 1082 370 1129 videtur,
400 1094 486 1120 cum
514 1085 662 1120 atomos
690 1082 794 1129 ipsas
823 1093 894 1119 sua
921 1081 1075 1129 quidem
1101 1082 1260 1129 propria
1284 1084 1422 1120 natura
1444 1081 1578 1120 immo-

204 1153 301 1192 biles
329 1153 513 1192 statuisse
548 1152 709 1193 feratur.
763 1154 825 1192 Ita
861 1153 960 1192 enim
992 1153 1122 1202 Simpl.
1159 1153 1199 1192 in
1227 1153 1345 1192 Arist.
1374 1153 1484 1203 phys.
1513 1152 1577 1192 fol.

204 1227 272 1266 96:
317 1232 444 1278 ,,Δημ.
472 1224 593 1281 φύσει
622 1226 784 1279 ἀκίνητα
810 1227 933 1278 λέγων
959 1227 1009 1267 τὰ
1036 1225 1181 1277 ἄτομα,
1218 1229 1349 1279 πληγῇ
1376 1227 1579 1268 κινεῖσθαί

204 1302 364 1355 φησιν.“
418 1301 498 1340 Nec
525 1306 672 1340 motum
705 1303 918 1340 atomorum
946 1312 967 1340 e
999 1301 1193 1350 gravitate
1220 1301 1280 1340 vel
1304 1301 1478 1350 pondere
1506 1300 1577 1340 du·

205 1374 365 1413 cendum
407 1385 510 1422 esse,
552 1377 682 1413 monet
709 1374 844 1413 Cicero
884 1374 1095 1423 respiciens
1136 1375 1186 1413 ad
1225 1374 1488 1414 Democritum
1531 1374 1579 1413 de

204 1446 267 1486 fin.
295 1447 326 1495 Ι,
355 1447 375 1496 ἕ
406 1448 452 1486 17
482 1447 604 1486 hisce:
651 1451 819 1494 „motum
856 1451 1071 1486 atomorum
1112 1447 1216 1486 nullo
1245 1459 1265 1486 e
1294 1447 1482 1496 principio
1511 1447 1580 1487 sed

205 1531 277 1568 „ex
304 1524 461 1559 aeterno
491 1523 663 1569 tempore
691 1521 853 1569 intelligi
882 1521 1124 1568 convenire‚“
1163 1532 1239 1570 quo
1267 1521 1383 1559 etiam
1410 1521 1580 1569 pertinet

204 1594 322 1632 Arist.
359 1594 468 1642 phys.
502 1605 608 1633 ausc.
646 1594 750 1641 VIII,
790 1595 809 1632 1
846 1598 885 1632 et
919 1594 967 1632 de
995 1605 1081 1642 gen.
1116 1594 1229 1632 anim.
1258 1594 1307 1641 ΙΙ,
1335 1595 1359 1632 6
1387 1605 1474 1643 pag.
1504 1595 1580 1634 772

204 1666 414 1715 affirmans,
444 1667 707 1706 Democritum
733 1678 882 1714 eorum,
921 1678 1020 1717 quae
1049 1678 1096 1705 ex
1123 1670 1282 1706 aeterno
1310 1670 1483 1717 tempore
1512 1679 1578 1706 ex-

204 1743 318 1789 stent,
348 1752 504 1780 causam
533 1752 608 1779 non
637 1741 862 1790 quaesiisse,
892 1742 983 1791 quia
1000 1741 1072 1780 hoc
1096 1741 1199 1779 ultra
1227 1744 1426 1780 aeternum
1453 1740 1579 1790 ipsum

203 1814 255 1853 sit
289 1814 482 1863 progredi.
543 1814 682 1864 Itaque
719 1814 939 1854 testimonia
970 1814 1043 1854 hac
1080 1814 1128 1853 de
1164 1825 1206 1853 re
1242 1814 1502 1863 discrepantia
1537 1814 1578 1853 in

203 1899 319 1926 unum
349 1899 576 1936 componere
604 1888 756 1928 difficile
784 1888 869 1927 erit.
897 1888 1099 1937 Leguntur
1118 1899 1245 1937 porro,
1275 1899 1374 1937 quae
1394 1888 1469 1928 huc
1487 1899 1577 1937 per-

203 1961 343 2000 tinent:
373 1960 484 2011 Diog.
514 1960 558 2009 L,
586 1961 653 2009 IX,
682 1960 754 2000 44:
785 1961 879 2009 „vag
907 1959 1079 2013 ἀτόμους
1107 1993 1116 2002 .
1138 1992 1146 2001 .
1167 1993 1176 2002 .
1197 1993 1206 2002 .
1235 1962 1434 2016 φέρεσθαι
1462 1961 1504 2002 ἐν
1523 1967 1579 2014 τῷ

203 2034 281 2087 ὅλῳ
318 2036 599 2086 δινουμένας;“
640 2035 689 2073 ib.
717 2036 789 2074 45:
832 2033 961 2076 πάντα
993 2051 1036 2075 τε
1069 2034 1152 2076 κατ’
1187 2033 1355 2087 ἀνάγκην
1381 2036 1576 2087 γίνεσθαι,

201 2114 271 2161 τῆς
307 2109 418 2161 δίνης
451 2108 579 2155 αἰτίας
621 2107 744 2160 οὔσης
777 2114 846 2161 τῆς
878 2107 1073 2162 γενήσεως
1108 2107 1284 2157 πάντων,
1325 2107 1372 2161 ἢν
1408 2106 1577 2162 ἀνάγκην

202 2182 345 2234 λὲ-γει.“
381 2182 484 2221 Sext.
505 2182 614 2230 Emp.
635 2182 720 2222 adv,
739 2182 858 2221 math.
877 2183 944 2230 IX,
966 2184 1059 2222 113:
1089 2182 1191 2223 ὥστε
1209 2182 1302 2224 καθ’
1320 2181 1489 2235 ἀνάγκην
1507 2184 1577 2234 μὲν

203 2257 268 2296 καὶ
296 2254 376 2297 ὕπὸ
405 2256 526 2308 δίνης,
555 2254 610 2302 ὠς
637 2254 771 2308 ἔλεγον
798 2256 837 2297 οὶ
863 2257 957 2310 περὶ
975 2253 1237 2312 Δημόκριτον,
1265 2256 1337 2297 οὐκ
1360 2254 1409 2297 ἂν
1427 2261 1576 2298 κινοῖτο

203 2329 226 2372 ὁ
252 2328 454 2381 κόσμος.“;
515 2329 644 2378 Simpl.
689 2330 728 2368 in
763 2330 873 2379 phys.
912 2329 976 2369 fol.
1015 2332 1075 2378 74,
1103 2331 1145 2369 6:
1206 2330 1286 2371 οἷπὸ
1328 2329 1576 2381 ταύτομάτου

202 2401 276 2459 γάρ
299 2418 401 2458 φασι
439 2399 720 2458 (Δημόκριτος)
747 2403 818 2455 τὴν
845 2403 955 2455 δίνην
982 2404 1049 2444 καὶ
1075 2403 1146 2455 τὴν
1173 2404 1362 2456 κίνησιν.“
1422 2403 1454 2442 Ε
1484 2414 1574 2443 con-

203 2478 325 2516 trario
353 2479 480 2516 autem
508 2477 589 2515 ictu
616 2479 830 2515 atomorum
858 2482 1003 2515 motum
1030 2475 1115 2515 fieri
1142 2477 1300 2515 tradunt
1324 2476 1573 2525 Pseudoplut.

203 2551 251 2590 de
278 2550 376 2600 plac.
405 2549 495 2599 phil.
524 2550 554 2598 I,
578 2549 649 2589 26:
677 2546 928 2604 Δημόκριτος
953 2549 1024 2601 τῆν
1051 2548 1284 2590 ἀντιτυπίαν
1311 2550 1377 2589 καὶ
1403 2549 1473 2601 τὴν
1500 2564 1573 2604 φο-
