1968 2859
332 80 384 121 58

333 176 454 224 aliae·
476 184 526 224 in.
548 184 645 236 alias
688 183 860 240 incidant
894 172 1114 238 >figurisque
1158 184 1390 234 implicatae,
1412 182 1706 232 coniungantur.

333 258 534 311 Quomodo
552 258 605 296 in
638 269 681 297 re
718 244 899 298 concreta
932 258 1096 307 ideoque
1132 257 1242 296 finita
1267 256 1439 296 infinitae
1466 250 1585 296 ato'mi
1612 267 1703 296 con-

332 331 567 380 glomeratae
608 341 695 370 esse
722 331 986 380 nonpossint,
1015 331 1182 380 explieat
1212 330 1405 380 Epicurus
1432 330 1479 369 D.
1508 330 1552 369 L.
1580 329 1629 378 X,
1656 328 1707 369 56

332 404 392 442 his
412 403 561 443 verbis:
591 389 641 444 οὕ
665 404 729 443 δεῖ
747 394 923 454 νομίζειν
950 402 991 444 ἐν
1018 409 1073 455 τῷ
1099 402 1305 457 ὡρισμένῳ
1333 402 1487 455 σώματι
1515 401 1709 455 ἀπείρους

333 476 476 529 ὄγκους
499 473 604 525 εἶναι
624 474 710 518 οὔδ’
727 474 1033 530 ὁπηλικουςοῦν·
1062 476 1163 518 ὥστε
1191 475 1240 518 ου’
1266 485 1387 528 μονον
1413 476 1482 528 τὴν
1509 475 1567 524 εἰς
1594 474 1709 517 ἄπει-

333 566 402 605 ρον
428 550 553 602 τομὴν
580 549 649 609 ἐπὶ
675 548 888 591 τοῦλαττον
916 549 1167 606 οἷναιρητέον,
1203 551 1285 592 ἵνα,
1302 550 1357 603 μή
1393 548 1523 591 πάντα
1559 549 1711 601 ἀσθενῆ

308 647 310 649 ·
332 625 538 674 ποιῶμεν“
566 615 600 664 κζ
616 624 698 663 m„
753 623 925 663 Eandem
953 636 1057 672 vero,
1086 624 1126 663 in
1153 635 1267 674 quam
1296 624 1469 664 Lucretii
1497 617 1708 663 sententias

333 698 381 737 de
409 700 572 736 naturae
590 692 852 745 '‚,foederibus
879 698 1107 748 legibusque
1135 698 1283 738 caecis“
1319 697 1553 746 explicantes
1579 696 1709 735 in'cur-

333 771 465 819 rimus,
494 770 758 818 difficultatem
785 770 823 809 in
851 771 1044 810 nonnullis
1062 765 1222 821 Epic-uri
1249 770 1402 821 placitis
1411 770 1448 820 *)
1464 769 1709 818 .invenim1'is;

289 892 292 895 Ι
332 844 528 883 contraria
547 840 648 898 enim
667 844 853 883 creationi
871 856 976 884 mere
996 844 1166 888 fortuito,
1183 830 1309 884 factae
1337 837 1517 883 videntur
1544 846 1585 882 et
1611 854 1710 893 quae

334 917 466 967 Simpl.
495 917 545 957 ad
573 917 693 957 Arist.
723 918 771 957 de
800 918 906 957 coelo
934 919 965 966 Ι,
994 918 1059 958 fol.
1088 918 1210 958 56‘b:
1256 917 1434 966 ,,θέσἐων
1468 918 1535 958 καὶ
1561 915 1711 964 τάξεων

332 992 593 1051 συμμετρίαν
612 992 942 1039 commemoravit,
982 996 1022 1030 et
1054 992 1175 1030 multo
1209 991 1353 1040 magis,
1391 1002 1491 1040 quae
1518 991 1710 1040 Epicurus

332 1065 415 1114 ipse
444 1065 558 1104 docet
585 1063 631 1103 D.
645 1064 689 1103 L.
718 1064 766 1112 X,
795 1065 863 1104 87:
891 1062 1021 1105 πάντα
1053 1065 1123 1115 μὲν
1157 1060 1227 1104 οὖν
1254 1064 1437 1116 γίνεσθαι
1465 1061 1713 1110 ἄσειστως

333 1138 467 1186 (certis
495 1132 727 1187 rationibus)
764 1138 864 1178 κατὰ
890 1135 1060 1185 πάντων,
1089 1138 1190 1178 κατὰ
1223 1138 1443 1188 πλεοναχὸν
1468 1135 1617 1191 τρόπον
1646 1136 1712 1177 §na
1743 1147 1745 1149 ’

332 1211 639 1265 καθαιρομένων
674 1211 901 1266 συμφώνως
928 1215 1013 1258 τοῖς
1040 1211 1316 1265 φαινομένοις,
1350 1209 1449 1251 ’ὅταν
1484 1226 1547 1257 τις
1572 1210 1617 1251 τὸ
1644 1225 1712 1251 πι-

333 1284 677 1342 θανολογούμενον
704 1284 804 1338 ὑπὲρ
832 1284 963 1325 αὐτῶν
990 1282 1159 1331 δεόντως
1185 1275 1405 1337 καταλίπῃιι
1433 1300 1467 1323 κ.
1481 1298 1513 1324 τ.
1528 1285 1563 1323 λ.
1618 1284 1711 1333 Epi-

334 1370 469 1398 curum
497 1358 683 1401 statuisse
710 1358 836 1407 leges‚
879 1370 977 1408 quae
1014 1369 1061 1397 ex
1089 1361 1303 1397 atomorum
1328 1360 1489 1407 natura,
1527 1361 1713 1407 quantum

334 1431 510 1482 reliquiis
545 1432 716 1482 iudicare
745 1432 861 1471 ‘nobis
899 1432 1009 1480 licet,
1062 1432 1259 1471 ducendae
1299 1443 1376 1471 non
1417 1432 1513 1479 sint,
1551 1431 1713 1472 obscure

333 1505 372 1543 id
399 1505 571 1545 indicare
589 1505 781 1544 videntur
808 1505 947 1553 verba,
986 1517 1085 1555 quae
1113 1505 1160 1551 D,
1189 1504 1309 1553 L.-X‚
1337 1505 1388 1544 43
1416 1504 1609 1554 loquitur:
1646 1506 1713 1545 καὶ

334 1579 376 1619 αἱ
402 1580 473 1630 μὲν
501 1579 560 1626 εἷς
586 1578 738 1632 μακρὸν
766 1577 836 1619 ἄπ’
862 1577 1043 1630 οἷλλήλων
1072 1579 1311 1626 διίστανται,
1337 1579 1391 1628 ,αἱ
1423 1578 1466 1618 δὲ
1499 1577 1617 1619 αὐτὸν
1646 1579 1713 1619 τὸν

333 1652 492 1703 παλμὸν
518 1653 718 1706 ἴσχουσιν,
755 1650 848 1692 ὅταν
882 1650 1032 1702 τύχωσι
1059 1641 1126 1692 ἐπὶ
1153 1650 1226 1704 τήν
1253 1651 1500 1705 περιπλοκὴν
1532 1651 1713 1702 κεκλιμέ-

333 1743 399 1766 ναι
428 1724 455 1777 ἢ
481 1723 766 1778 στεγαζόμεναι
794 1725 905 1779 παρὰ
932 1730 1012 1765 τῶν
1038 1727 1271 1765 πλεκτικῶν.
1327 1725 1449 1772 Quem
1475 1725 1619 1773 locum,
1654 1725 1712 1763 di-

333 1809 445 1837 verse
474 1809 498 1837 a
525 1798 688 1837 diversis
717 1797 930 1837 editoribus
950 1798 1248 1847 interpretatum
1266 1782 1461 1837 confidens
1480 1797 1519 1836 in
1533 1797 1723 1846 Lucr.11‚-

335 1874 410 1913 100
437 1872 613 1922 profecto
643 1872 807 1912 eundem
834 1883 990 1911 sensum
1018 1871 1251 1927 proferente,
1279 1872 1335 1911 ita
1361 1871 1484 1911 fusius
1512 1871 1679 1921 explico:

439 1946 536 1985 Cum
565 1940 683 1985 atomi
710 1946 882 1995 pondere
911 1946 1191 1995 clinamineque
1219 1945 1391 1994 percitae
1409 1945 1550 1986 ictibus
1569 1946 1714 1985 exortis

333 2021 543 2067 iactentur,
580 2020 679 2059 aliae
708 2020 862 2069 quidem
899 2019 1023 2069 (verbi
1051 2020 1178 2069 gratia
1204 2019 1411 2069 rotundae)
1448 2019 1561 2068 longe
1599 2019 1712 2058 dissi-

333 2094 434 2134 liunt
460 2094 603 2145 (Lucr,
631 2094 681 2142 ΙΙ,
714 2093 805 2143 106)
836 2096 876 2132 et
902 2095 1048 2132 motum
1076 2104 1187 2132 suum
1216 2092 1453 2141 continuant,
1482 2092 1580 2132 aliae
1608 2103 1713 2141 vero,

367 2294 417 2336 ,*)
462 2294 562 2326 Tales
592 2293 765 2334 doctrinae
799 2292 1077 2326 contradictiones
1107 2292 1222 2333 plures
1245 2292 1439 2324 Lactantius
1462 2291 1608 2331 Epicuro
1632 2291 1712 2324 obii-

460 2347 521 2387 cit3
551 2347 597 2387 ita
627 2346 714 2377 inter
736 2346 819 2377 alios
842 2345 932 2377 locos
956 2345 997 2377 de
1021 2345 1097 2385 opif.
1122 2344 1176 2376 dei
1198 2345 1243 2376 VI
1266 2345 1359 2377 varia
1380 2343 1636 2384 primordiorum
1659 2353 1713 2376 ex-

459 2400 646 2440 perimenta
667 2399 833 2440 increpat:
872 2398 928 2440 „Si
952 2398 1039 2431 enim
1060 2397 1241 2438 primordia
1263 2397 1391 2429 nullum
1412 2406 1516 2437 genus
1538 2396 1714 2438 positionis

461 2452 690 2493 „inexpertum
713 2451 922 2492 relinquunt,
957 2450 1105 2491 oportuit
1135 2450 1295 2482 eiusmodi
1324 2449 1470 2490 quotidie
1492 2453 1639 2482 monstra
1659 2459 1714 2490 ge-

461 2504 610 2545 „nerari‚
638 2504 673 2535 in
704 2504 824 2546 quibus
854 2504 1075 2536 membrorum
1098 2503 1179 2535 ordo
1200 2505 1437 2543 praeposterus
1461 2505 1493 2534 et
1514 2511 1595 2534 usus
1617 2502 1714 2544 longe

460 2556 610 2590 diversus
634 2551 824 2588 existeret.“
