1968 2859
352 101 406 140 44

354 205 511 244 dubium
554 207 646 245 oriri
687 208 830 256 possit,
872 208 921 247 ad
956 208 1059 258 quod
1095 209 1321 248 vocabulum
1349 208 1552 248 referenda
1579 208 1632 248 sit
1658 220 1732 248 vox

356 278 553 329 „parum“‚
583 283 712 319 utrum
731 281 781 319 ad
809 282 981 330 proxime
1001 282 1234 321 antecedens
1254 294 1302 320 an
1329 282 1379 320 ad
1398 282 1528 321 statim
1552 293 1729 332 sequens.

355 351 429 391 Sed
460 353 727 402 coniungenda
754 358 845 393 sunt
871 357 978 394 certa
1007 355 1154 402 „multa
1170 357 1331 404 parum“
1360 359 1400 394 et
1427 355 1730 404 interpretanda,

353 430 397 463 ut
424 426 583 464 eandem
612 427 689 464 vim
716 427 885 465 habeant
911 439 955 466 ac
985 430 1178 476 „pauca“;
1208 429 1340 477 itaque
1370 429 1483 467 docet
1509 429 1616 477 prior
1642 439 1729 467 ver-

353 510 431 546 sus,
469 500 612 538 multas
640 500 702 539 vel
738 500 868 549 potius
903 499 1073 540 infinitas
1108 505 1256 540 atomos
1295 501 1428 540 eadem
1464 501 1590 551 figura
1616 513 1729 551 prae-

352 572 453 610 ditas
492 584 596 619 esse,
639 574 833 621 posterior
869 585 961 612 vero
1003 575 1212 623 praecipit,
1258 575 1295 612 in
1332 578 1546 612 atomorum
1583 585 1731 613 summa

351 644 550 694 („volgo“)
587 645 714 685 inesse
740 645 952 695 figurarum
986 647 1262 686 diversitatem.
1316 647 1574 686 Diversitates
1602 651 1730 687 autem

350 718 562 767 figurarum
596 719 669 758 hae
706 720 813 768 ipsae
848 731 923 758 non
958 720 1147 768 infinitae,
1186 725 1227 759 at
1254 721 1554 760 innumerabiles
1582 721 1643 760 vel
1671 721 1729 759 in-

352 792 719 840 comprehensibiles
748 796 856 840 sunt,
896 805 1010 842 quam
1038 805 1118 837 rem
1146 794 1339 842 Epicurus
1368 785 1553 833 describit
1580 794 1728 833 verbis:

351 862 526 916 ἀτόμους
558 864 836 921 ἅπεριλήπτας
872 864 977 907 εἶναι
1022 871 1111 914 ταῖς
1143 868 1360 922 διαφοραῖς
1395 873 1475 909 τῶν
1508 866 1730 920 σχημάτων.

351 940 456 988 Quas
476 939 524 979 dc
552 940 637 980 loco
665 940 846 990 ambiguo
875 941 1072 990 opiniones
1093 944 1246 981 nostras
1275 941 1450 991 protinus
1470 942 1729 991 probabimus.

350 1014 521 1053 Primum
551 1014 654 1064 quod
681 1015 788 1064 ipsas
816 1027 887 1064 per
915 1027 957 1054 se
976 1015 1120 1065 figuras
1149 1016 1300 1063 attinet,
1330 1020 1492 1065 excepto
1519 1016 1598 1064 illo,
1628 1017 1730 1066 quod

351 1086 399 1125 de
427 1087 689 1135 magnitudine
718 1088 827 1126 varia
846 1099 965 1136 supra
993 1091 1200 1127 tractatum
1229 1092 1300 1135 est,
1330 1088 1561 1136 discrimine,
1582 1089 1727 1128 Lucre-

351 1161 448 1208 tius,
475 1163 529 1199 -ut
574 1160 742 1209 plurium
780 1173 927 1209 rerum,
976 1172 1072 1211 quas
1108 1162 1284 1201 accidere
1330 1162 1521 1210 videmus,
1562 1162 1730 1202 rationes

351 1233 524 1280 evolvat,
566 1234 775 1281 praecipue
808 1236 938 1271 autem
967 1237 1030 1279 ut,
1075 1235 1265 1282 quomodo
1303 1245 1484 1272 sensuum
1511 1234 1730 1283 perceptio-

350 1318 420 1346 nes
457 1305 571 1354 fiant,
616 1309 794 1354 enarret,
837 1307 945 1345 varia
972 1306 1182 1356 figurarum
1211 1306 1420 1356 specimina
1448 1310 1632 1357 tanquam
1661 1306 1729 1346 ob-

349 1381 427 1419 iter
462 1383 665 1419 enumerat
699 1381 795 1419 alias
820 1380 951 1419 dicens
989 1380 1207 1427 ,‚bamatas,
1237 1380 1495 1429 perplicatas“
1535 1381 1601 1430 (II,
1622 1381 1729 1430 394),

349 1453 445 1493 alias
484 1454 615 1502 „leves
652 1453 942 1503 rotundasque“
986 1453 1108 1503 (402),
1147 1453 1242 1492 alias
1283 1453 1470 1503 „angellis
1507 1454 1729 1503 praeditas“

349 1527 472 1576 (428),
502 1528 597 1566 alias
627 1528 765 1575 „quasi
785 1530 982 1565 ramosas“
1005 1528 1128 1576 (446),
1158 1527 1254 1565 alias
1275 1530 1462 1573 „acutas“
1481 1528 1605 1576 (463),
1634 1527 1729 1565 alias

349 1600 556 1649 „globosas
584 1604 625 1639 et
652 1600 876 1650 squalidas“
907 1600 1037 1650 (469),
1077 1600 1172 1638 alias
1212 1601 1420 1649 ‚‚asperas“
1451 1600 1575 1650 (472).
1629 1599 1730 1640 Hinc

348 1674 502 1713 minime
530 1674 748 1713 ducendum
776 1677 857 1721 est,
894 1674 998 1720 illas,
1036 1685 1133 1722 quas
1162 1674 1432 1720 nominaverit,
1471 1685 1602 1712 omnes
1631 1685 1730 1723 quae

349 1750 503 1786 exstent
530 1758 616 1785 esse
644 1745 802 1796 figuras,
832 1758 919 1785 nam
939 1747 1036 1786 aliae
1065 1750 1182 1796 atque
1211 1747 1309 1786 aliae
1337 1750 1494 1796 praeter
1513 1747 1598 1785 illas
1627 1748 1728 1794 sunt,

347 1820 552 1859 dummodo
582 1832 717 1859 earum
745 1832 928 1859 numerus
957 1832 1032 1859 non
1060 1821 1251 1859 habeatur
1277 1819 1460 1858 infinitus.
1518 1820 1629 1867 Quod
1657 1819 1726 1858 do-

349 1897 439 1932 cent
465 1903 603 1932 versus

346 1989 394 2034 11,
419 1990 507 2024 478:
557 1988 690 2033 „Quod
715 1989 886 2033 quoniam
911 1988 1030 2033 docui,
1054 1998 1205 2033 pergam
1230 1990 1445 2023 connectere
1469 1998 1556 2032 rem,
1582 1998 1675 2032 quae

559 2057 629 2092 „ex
652 2045 723 2082 hoc
747 2049 833 2092 apta
857 2046 964 2081 fidem
990 2045 1109 2091 ducat,
1135 2045 1334 2091 primordia
1358 2056 1478 2081 rerum

557 2104 682 2148 „finita
704 2105 848 2139 variare
874 2104 1070 2149 figurarum
1093 2104 1251 2148 ratione3

557 2161 681 2207 „quod
707 2161 737 2197 si
762 2172 835 2197 non
859 2161 911 2196 ita
936 2161 994 2206 sit,
1019 2171 1160 2196 rursum
1184 2160 1256 2215 iam
1281 2160 1419 2196 semina
1444 2159 1633 2206 quaedam,

558 2230 664 2264 „esse
690 2219 829 2255 infinito
856 2219 1041 2255 debebunt
1065 2219 1228 2264 corporis
1253 2221 1372 2254 auctu.

557 2288 737 2322 „namque
762 2277 890 2312 eadem
914 2277 1021 2312 unius
1046 2276 1207 2311 cuiusvis
1231 2276 1268 2311 in
1292 2275 1471 2311 brevitate

556 2335 744 2381 „corporis
769 2335 864 2370 inter
889 2345 928 2370 se
954 2335 1103 2370 multum
1128 2334 1271 2370 variare
1297 2334 1434 2380 figurae

557 2404 654 2438 „non
680 2391 868 2438 possunt.“

448 2482 630 2522 Pluribus
659 2482 779 2532 igitur
798 2481 1010 2531 figurarum
1039 2481 1311 2530 speciminibus
1339 2481 1378 2519 in
1405 2479 1726 2530 praecedentibus

343 2557 520 2595 versibus
539 2556 740 2595 occasione
761 2556 854 2594 data
879 2556 1126 2602 enumeratis,
1156 2555 1277 2593 nectit
1294 2557 1422 2603 poeta,
1451 2565 1500 2593 ne
1528 2553 1614 2603 quis
1642 2554 1727 2591 uni-
