1968 2859
320 102 376 149 80

323 218 394 257 per
417 219 463 250 se
490 193 709 251 necessario
739 212 897 251 servent
923 212 1115 258 naturam,
1143 221 1269 260 neque
1296 209 1377 250 ulla
1402 209 1442 250 vi
1462 210 1701 259 exn-insecus

322 280 432 321 illata
457 282 640 331 temptari
667 283 831 332 possint.
860 283 945 331 Qua
972 282 1020 323 de
1048 294 1091 323 re
1117 282 1213 323 haec
1240 282 1442 333 leguntur:

338 375 366 420 Ι,
391 376 483 412 591:
506 376 733 413 immutabili’
756 378 929 413 materiae
955 388 1100 423 quoque
1126 387 1257 423 corpus
1281 376 1417 414 habere

510 434 680 480 „debent,
704 435 742 470 ni
765 435 908 471 mirum:
933 447 1016 471 nam
1041 435 1071 470 si
1095 435 1293 481 primordia
1315 446 1436 472 rerum

510 493 746 537 „commutari
770 493 894 537 aliqua
917 496 1069 538 possent
1092 494 1233 530 ratione
1256 494 1406 539 revicta,

509 549 708 595 „incertum
733 544 880 595 quoque
903 550 975 585 iam
1000 552 1151 596 constet,
1177 550 1266 595 quid
1289 550 1407 596 possit
1430 551 1535 597 oriri3

337 621 365 666 Ι,
392 623 481 657 79οε
506 622 752 667 „immutabile
777 624 871 658 enim
896 623 1068 669 quiddam
1093 634 1265 668 superare
1289 627 1477 666 necessest

510 691 580 725 „ne
605 690 665 715 res
689 679 736 715 ad
760 680 873 715 nilum
897 680 1110 725 redigantur
1133 680 1296 716 funditus
1322 690 1463 716 omnes:

509 748 615 783 „nam
639 737 882 783 quodcunque
906 737 981 773 suis
1005 740 1177 773 mutatum
1201 737 1334 773 finibus
1357 738 1442 783 exit,

507 795 704 839 „continuo
730 795 800 830 hoc
823 806 920 830 mors
946 798 1002 831 est
1025 795 1134 839 illius,
1160 795 1259 840 quod
1283 796 1352 831 fuit
1374 798 1474 839 ante3

508 854 756 911 „quapropter
781 852 951 897 quoniam
976 862 1069 897 quae
1094 852 1204 897 paulo
1230 851 1386 890 diximus
1410 855 1494 889 ante

507 910 569 955 „in
593 912 847 945 commutatum
871 910 1030 955 veniunt,
1056 913 1221 946 constare
1246 913 1435 946 necessest

507 978 577 1012 „ex
602 967 684 1002 aliis
709 977 763 1012 ea,
789 977 883 1011 quae
908 970 1092 1012 nequeant
1116 968 1321 1003 convertier
1345 978 1509 1013 usquam,

509 1035 578 1070 „ne
601 1024 667 1060 tibi
690 1035 750 1060 res
774 1025 927 1060 redeant
950 1025 998 1060 ad
1021 1025 1134 1060 nilum
1158 1025 1319 1061 funditus
1344 1023 1503 1062 omneS.“

320 1112 420 1152 Hinc
447 1112 536 1151 inde
565 1116 693 1151 atomo
722 1113 827 1151 nulla
852 1113 953 1152 inest
983 1113 1225 1163 qualitatum,
1255 1125 1351 1163 quas
1371 1113 1487 1152 rebus
1507 1114 1697 1153 concretis

319 1186 447 1223 inesse
475 1186 638 1231 scimus;
676 1197 805 1223 rerum
834 1187 934 1224 enim
963 1186 1171 1234 qualitates
1200 1198 1331 1224 omnes
1359 1186 1452 1224 nihil
1481 1187 1554 1224 nisi
1581 1198 1696 1233 „con-

319 1258 451 1298 iuncta
484 1258 545 1297 vel
583 1260 744 1297 eventa“
779 1258 809 1306 Ι,
851 1258 928 1297 449
965 1258 1164 1298 habendae
1199 1262 1310 1307 suut,
1348 1270 1447 1308 quae
1483 1270 1554 1308 pro
1591 1259 1698 1298 varia

320 1336 535 1370 atomorum
552 1331 796 1370 concretione
816 1335 856 1369 et
878 1332 1070 1379 positione
1091 1332 1219 1370 variae
1241 1331 1469 1370 efficiuntur.
1497 1332 1603 1380 Ergo
1622 1331 1696 1371 huc

320 1403 528 1444 referenda
555 1404 748 1452 videntur,
778 1416 878 1454 quae
906 1405 955 1453 II,
986 1405 1062 1445 730
1090 1416 1196 1455 seqq.
1222 1405 1425 1455 leguntur,
1453 1405 1592 1444 atomis
1611 1404 1697 1444 nul-

318 1478 398 1517 lum
426 1490 512 1518 esse
541 1479 708 1518 colorem
737 1490 862 1528 neque
891 1478 996 1517 aliud
1024 1479 1167 1518 simile:

317 1574 365 1619 Π,
390 1575 481 1609 842;
531 1573 622 1619 „sed
646 1584 691 1609 ne
717 1573 810 1608 forte
835 1576 956 1619 putes,
982 1574 1060 1609 solo
1087 1574 1243 1619 spoliata
1268 1574 1389 1609 colore

530 1641 709 1676 „corpora
732 1631 848 1676 prima
871 1642 1030 1677 manere,
1056 1632 1164 1667 etiam
1189 1633 1332 1667 secreta
1355 1630 1492 1676 teporis

532 1691 640 1733 „sunt
664 1699 706 1723 ac
730 1688 877 1733 frigoris
902 1690 1045 1724 omnino
1068 1689 1251 1733 calidique
1276 1688 1434 1733 vaporis,

530 1748 591 1791 „et
616 1745 736 1780 sonitu
760 1746 885 1781 sterila
911 1749 948 1781 et
973 1757 1059 1781 suco
1084 1746 1207 1782 ieiuna
1231 1746 1406 1792 feruntur,

528 1815 620 1849 „nec
643 1804 780 1839 iaciunt
803 1804 915 1839 ullum
937 1804 1085 1849 proprio
1111 1803 1156 1839 de
1181 1814 1333 1849 corpore
1360 1802 1541 1839 odorem.“

320 1893 467 1942 Quibus
496 1894 670 1932 omnibus
700 1893 747 1932 de
776 1905 929 1943 quaque
957 1896 1084 1932 atomo
1112 1893 1285 1942 negatis,
1330 1896 1410 1932 tres
1448 1895 1597 1931 tantum
1630 1903 1692 1931 re-

319 1970 426 2007 stant
464 1971 680 2007 atomorum
707 1978 782 2006 non
825 1967 1032 2016 qualitates
1079 1967 1147 2005 sed
1188 1966 1409 2006 affectiones
1438 1966 1623 2005 dicendae
1657 1969 1697 2005 et

318 2041 544 2082 manifestae
573 2045 613 2080 et
639 2041 892 2090 praecipuae:
922 2040 1159 2090 magnitudo,
1188 2040 1322 2089 forma,
1350 2040 1513 2090 pondus,
1556 2039 1695 2089 quibus

318 2115 420 2155 inter
456 2127 497 2155 se
535 2115 845 2164 distinguuntur3
887 2115 927 2153 in
973 2114 1124 2162 ceteris,
1165 2125 1265 2165 quae
1308 2114 1355 2153 de
1396 2114 1443 2153 iis
1479 2113 1696 2163 praedicari

317 2194 493 2241 possunt,
521 2190 636 2239 plana
663 2190 879 2239 aequalitas
906 2189 1112 2239 reperitur.
1377 2227 1391 2242 .

422 2264 633 2305 Attulimus
651 2263 729 2305 iam
755 2263 872 2311 locos,
902 2262 1041 2313 quibus
1060 2262 1254 2312 Epicurus
1281 2264 1431 2302 atomos
1457 2264 1572 2302 vocat
1599 2260 1696 2313 ‹iae-

315 2334 515 2390 τάβλητας
544 2338 645 2387 apud
674 2337 786 2387 Diog.
814 2337 859 2376 L.
881 2338 929 2385 X,
956 2338 1009 2377 54
1036 2338 1149 2378 docet
1176 2337 1309 2377 itidem
1336 2348 1402 2378 eas
1430 2347 1565 2377 carere
1593 2335 1695 2378 omni

315 2413 526 2464 qualitate:
555 2413 621 2453 καὶ
650 2412 730 2465 μὴν
758 2412 824 2453 καὶ
844 2412 915 2460 τὰς
942 2409 1117 2464 ἀτόμους
1136 2412 1343 2464 νομιστέον
1361 2411 1561 2463 μηδεμίαν
1579 2407 1695 2452 ποιό-

314 2504 414 2542 ‘myra
440 2494 517 2529 τῶν
543 2488 797 2543 φαινομένων
824 2488 1130 2542 προσφέρεσθαι
1165 2486 1269 2538 πλὴν
1303 2482 1502 2538 σχήματος
1527 2486 1595 2527 καὶ
1622 2481 1695 2536 βά-

315 2579 412 2618 ρους
452 2564 515 2603 καὶ
559 2562 759 2615 μεγέθους
800 2563 867 2603 καὶ
908 2560 983 2603 ὅσα
1023 2560 1067 2608 ἐξ
1108 2558 1279 2613 ἀνάγκης
1320 2557 1490 2612 σχήματι
1526 2563 1696 2615 συμφυῆ
