1968 2859
1484 71 1586 113 11⁸5,

946 175 950 179 .
1286 125 1532 206 ¹⁰¹¹eroe

240 221 336 269 ὅλας
360 219 506 275 φύσεις
531 215 813 271 λαμβανόμενα
839 220 906 260 καὶ
933 218 988 270 μὴ
1017 216 1073 266 ὦς
1098 218 1148 259 τὰ
1173 216 1323 260 τούτων
1337 232 1390 260 συ
1392 173 1794 312 μπτῐῐῖμῧαὶιυηωὲ

242 293 267 346 ἢ
300 291 582 345 συμβεβηκότα
614 288 842 344 λεγόμενα.“·
895 292 954 330 De
990 291 1115 331 inanis
1144 296 1283 330 natura
1318 291 1369 330 ib.
1396 272 1469 331 67:
1499 290 1620 340 ,Μεθ’

239 367 356 408 εαυτό
385 366 457 407 οὐκ
475 365 569 406 ἐστι
596 370 738 417 νοῆσαι
769 365 821 405 τὰ
843 355 1189 416 damnator-712&
1225 364 1292 406 ἐπὶ
1320 370 1391 406 τοῦ
1418 370 1545 406 κενοῦ·
1571 365 1616 406 τὸ

241 441 284 481 δὲ
319 439 432 481 κενὸν
466 436 557 480 οὔτε
590 442 761 495 ποιῆσαι
798 435 889 478 οὔτε
925 441 1076 478 παθεῖν
1108 434 1292 485 δύναται,
1329 436 1432 477 ἀλλὰ
1464 438 1617 490 κίνησιν

240 513 360 565 μόνον
397 511 451 552 δι
484 512 629 552 ἑαυτοῦ
665 516 750 558 τοῖς
795 510 978 562 σώμασιν
1012 512 1241 565 παρέχεται.
1246 513 1267 531 “
1314 511 1467 561 Ubique
1502 523 1617 551 voces

243 582 388 638 ᾖτόπος
409 585 480 625 καὶ
508 581 642 638 χωρα“
683 584 777 623 nihil
806 584 910 623 aliud
939 595 1054 634 quam
1080 580 1193 624 κενόν
1221 582 1456 633 significare,
1494 587 1617 638 testa-

239 664 305 699 tur
332 659 435 697 Sext.
464 659 574 707 Emp.
603 659 689 696 adv.
726 658 845 697 math
880 657 946 696 fol.
976 658 1053 696 633
1081 658 1177 697 haec
1205 658 1281 696 tria
1308 657 1496 696 vocabula
1523 670 1615 698 eon-

186 746 188 748 ’
240 733 422 782 iungens:
458 731 524 772 διὸ
551 731 803 785 προληπτέον
838 729 901 772 ὅτι
934 730 1035 780 κατὰ
1062 730 1129 771 τὸν
1162 729 1395 785 Ἐπίκουρον
1421 734 1493 783 τῆς
1523 729 1616 779 οἴνα-

227 810 344 859 ·φοῦς
364 804 618 854 ,καλουμένης
646 802 807 857 φύσεως
832 804 876 844 τὸ
904 804 977 854 μέν
1003 820 1041 842 τι
1069 800 1306 853 ὀνομάζεται
1335 802 1465 851 κενόν,
1501 804 1545 844 τὸ
1573 804 1617 844 δὲ

238 867 372 926 τόπος,
400 876 444 918 τὸ
472 877 517 917 δὲ
543 875 665 932 χώρα,
694 875 1105 928 μεταλαμβανομένων
1141 875 1240 916 κατὰ
1269 871 1491 930 διαφόρους
1526 875 1615 917 ἐπι-

238 950 363 1001 βολὰς
380 955 459 990 τιῦν
487 948 705 1001 ὀνομάτων,
734 950 901 1004 ἐπείπερ
930 948 956 1001 ἡ
983 949 1081 1000 αὐτῆ
1102 948 1225 1001 φύσις
1252 948 1399 1003 ἔρημος
1425 950 1496 1000 μὲν
1514 955 1615 991 καθ-

239 1028 429 1076 εστηκυῖα
456 1023 603 1071 παντὸς
631 1022 814 1075 σώματος
841 1023 953 1065 κενὸν
980 1021 1333 1079 προςαγορεύεται,
1363 1024 1615 1075 καταλαμβα-

239 1097 383 1149 νομένη
418 1098 461 1137 δὲ
495 1088 575 1138 ὑπὸ
614 1095 797 1148 σώματος
831 1094 954 1144 τόπος
990 1098 1193 1145 καλεῖται,
1231 1093 1466 1151 χωρούντων
1493 1097 1537 1137 δὲ
1563 1088 1617 1138 δι’

239 1169 361 1223 αὐτῆς
395 1167 588 1222 σωμάτων
622 1167 732 1225 χώρα
766 1171 927 1223 γίνεται·
970 1176 1114 1218 κοινῶς
1141 1171 1274 1222 μέντοι
1310 1166 1433 1224 φύσις
1460 1169 1616 1225 οἷναῳὴς

230 1246 395 1299 -εἲρηται
420 1244 531 1297 παρὰ
558 1249 614 1296 τῷ
640 1243 860 1298 Ἐπικούρῳ
888 1244 959 1285 διὰ
985 1244 1029 1285 τὸ
1057 1244 1298 1299 ἐστερῆσθαι
1326 1225 1397 1296 τῆς
1420 1244 1520 1285 κατὰ
1548 1243 1614 1285 οἷν-
1651 1265 1654 1266 ’

237 1318 396 1369 τίβασιν
424 1315 542 1372 ἁφῆς.
599 1318 766 1367 Tempus
804 1329 894 1357 vero
929 1329 977 1356 ne
1013 1317 1099 1367 quis
1133 1317 1172 1356 id
1199 1329 1270 1366 per
1297 1328 1339 1356 se
1377 1328 1464 1356 esse
1489 1320 1614 1367 putet,

239 1391 309 1432 διὰ
345 1388 460 1442 λόγον
497 1388 702 1444 θεωρητόν
740 1391 780 1442 (1.
810 1402 842 1430 c.
871 1389 925 1430 67·
950 1394 990 1430 et
1018 1392 1084 1440 72)
1120 1391 1312 1440 Epicurus
1349 1391 1389 1429 id
1424 1391 1613 1440 perhibet.

240 1465 292 1503 At
320 1464 424 1503 Sext.
453 1464 563 1513 Emp.
592 1465 616 1502 1.
646 1477 678 1504 c.
713 1464 777 1504 fol.
805 1466 884 1504 674
917 1468 957 1504 et
991 1464 1180 1503 Stobaeus
1215 1464 1284 1503 ecl.
1322 1464 1433 1513 phys.
1462 1465 1493 1512 Ι,
1529 1476 1614 1514 cap.

239 1538 275 1586 8,
303 1537 355 1576 40
382 1536 567 1586 referunt,
603 1549 690 1576 eum
726 1541 878 1587 tempus
906 1537 1088 1577 habuisse
1116 1535 1342 1588 σύμπτωμα
1369 1535 1615 1589 συμπτωμά-

238 1627 327 1651 των.
382 1611 489 1658 Quae
527 1621 599 1650 vox
632 1610 858 1663 σύμπτωμα
894 1612 991 1662 quid.
1022 1612 1077 1651 illi
1114 1612 1303 1660 sonuerit,
1337 1615 1377 1651 et
1413 1612 1614 1661 exipsius

239 1684 342 1733 apud
369 1684 415 1723 D.
443 1684 487 1723 L.
513 1685 563 1733 X,
590 1686 636 1724 71
675 1688 714 1724 et
742 1686 791 1725 72
819 1685 948 1724 verbis
985 1688 1025 1725 et
1052 1697 1099 1724 ex
1127 1686 1296 1724 Lucretii
1334 1684 1510 1731 versibus
1536 1685 1613 1725 449

240 1769 360 1807 seqq.,
399 1758 464 1807 qui
492 1769 576 1797 eam
604 1759 984 1808 interpretatus-est,
1012 1743 1253 1808 iutelligitur.
1293 1758 1340 1797 cf.
1370 1758 1474 1797 Sext.
1502 1758 1612 1808 Emp.

238 1832 263 1870 l.
294 1840 330 1870 c:
353 1831 418 1871 fol.
447 1832 524 1870 664
552 1835 591 1870 et
618 1832 705 1873 670.
760 1832 839 1871 Nec
877 1833 1073 1889 discrepat
1099 1832 1291 1881 Epicurus
1329 1843 1400 1870 sua
1435 1831 1613 1881 opinione

239 1917 262 1944 a
289 1905 500 1944 Democriti
528 1905 791 1955 Leucippique
819 1905 865 1945 de
893 1906 1013 1954 inani,
1052 1906 1154 1955 quali
1184 1905 1235 1944 sit
1261 1908 1414 1953 natura,
1453 1908 1610 1945 senten-

240 1980 322 2027 tiis,
357 1983 401 2018 ut
432 1980 550 2019 Arist.
585 1979 752 2029 metaph.
787 1980 817 2028 I,
850 1981 876 2018 4
904 1982 1092 2019 testatur:
1134 1977 1375 2027 Λεύκιππος
1410 1980 1455 2019 δὲ
1490 1980 1557 2020 καὶ
1591 1977 1615 2020 ὁ

239 2052 395 2111 ἑταῖρος
437 2051 561 2094 αὐτοῦ
590 2051 841 2107 Δημόκριτος
880 2057 1060 2104 στοιχεῖα
1094 2053 1165 2104 μὲν
1196 2053 1240 2094 τὸ
1282 2054 1432 2108 πλῆρες
1467 2053 1613 2094 καὶ,τὸ

240 2123 351 2168 κε’νόν
379 2123 483 2167 εἶναι’
509 2142 645 2181 φασιν,
673 2127 850 2179 λέγοντες
877 2127 922 2168 τὸ
950 2127 1020 2178 μὲν
1056 2125 1111 2175 ὂν,
1145 2127 1189 2167 τὸ
1222 2127 1265 2166 δὲ
1296 2127 1350 2179 μὴ
1380 2125 1436 2167 ὄν·
1463 2124 1614 2167 τούτων

241 2200 284 2239 δὲ
318 2200 363 2240 τὸ
399 2200 469 2250 μὲν
505 2202 656 2254 πλῆρες
691 2202 756 2240 καὶ
791 2201 950 2255 στερεὸν
985 2201 1029 2241 τὸ
1063 2198 1123 2248 ὄν,
1159 2201 1203 2241 τὸ
1242 2201 1286 2240 δέ
1321 2196 1432 2241 κενόν
1467 2215 1511 2252 γε
1547 2201 1613 2240 καὶ

240 2272 363 2323 μανὸν
390 2273 434 2313 τὸ
462 2273 516 2325 μή
545 2271 589 2313 ὄν
618 2274 700 2322 (διὸ
727 2275 793 2313 καὶ
823 2273 944 2314 οὐθὲν
976 2275 1126 2324 μᾶλλον
1153 2274 1197 2314 τὸ
1235 2272 1278 2314 ὃν
1305 2278 1377 2314 τοῦ
1403 2273 1466 2325 μή
1503 2272 1615 2320 ὄντος

240 2344 344 2387 εἶναι’
370 2361 514 2400 φασιν,
551 2346 611 2387 ὅτι
648 2346 741 2387 οὐδὲ
766 2347 810 2387 τὸ
839 2347 951 2388 κενὸν
986 2352 1058 2388 τοῦ
1086 2345 1283 2398 σώματος)
1323 2349 1431 2388 αἲτια
1458 2347 1502 2387 δὲ
1536 2351 1615 2388 τῶν

240 2417 361 2464 ὄντων
388 2424 512 2459 ταῦτα
540 2418 595 2466 αἷς
622 2418 731 2471 ὕλην.
760 2420 792 2458 Ε
822 2420 961 2469 quibus
989 2420 1117 2459 verbis
1146 2425 1320 2469 apparet,
1348 2420 1444 2458 duas
1464 2423 1613 2458 tantum

240 2492 425 2532 statuisse
458 2491 720 2532 Democritum
758 2504 911 2543 quoque
947 2496 1129 2541 naturas,
1164 2493 1326 2532 alteram
1361 2493 1611 2541 materialem,

240 2566 403 2605 alteram
421 2566 573 2605 inanem
600 2566 792 2607 materiali
820 2566 974 2615 quidem
1002 2567 1246 2614 contrariam,
1276 2566 1367 2606 item
1387 2570 1516 2606 tamen
1543 2577 1613 2616 per
