1968 2859
1577 113 1631 154 bl

438 218 547 264 „sed
571 218 658 264 quia
679 218 793 254 multa
814 218 932 254 modis
955 212 1076 268 multis
1099 218 1296 264 primordia
1317 228 1437 255 rerum

459 287 529 322 „ex
551 276 690 312 infinito
714 276 786 311 iam
808 279 971 322 tempore
985 271 1132 322 ¹percita
1153 276 1274 322 plagis
1445 323 1447 325 Ι

455 333 772 380 „ponderibusque
797 334 871 370 suis
896 335 1126 370 consuerunt.
1137 334 1279 386 concita
1295 333 1389 369 ferri

454 391 764 438 „omnimodisque
780 392 885 435 ‚coire
909 393 1018 439 atque
1044 391 1163 428 omnia
1191 393 1446 438 pertemptare,

458 460 720 495 „quaeeunque
742 450 837 488 inter
857 451 1073 495 setpossent
1095 458 1293 495 congressa
1316 460 1458 494 creare3

458 509 675 553 „propterea
697 507 738 543 fit
760 507 813 544 uti
833 518 1003 553 magnum
1025 507 1174 552 volgata
1195 518 1263 552 per
1285 514 1416 543 aevom-

459 575 587 610 „omne
612 575 737 610 genus,
762 567 898 601 coetus
912 567 950 600 et
970 566 1089 600 motus
1114 564 1336 610 experiundo

457 621 628 667 „tandem
652 621 871 676 conveniunt
896 633 951 667 ea,
977 632 1071 667 quae
1097 624 1273 658 convecta
1296 613 1446 668 repente

457 682 694 724 „magnarum
716 689 836 715 rerum
857 679 947 715 fiunt
970 678 1119 715 exordia
1142 689 1284 725 semper
1462 672 1464 674 ’

458 735 611 784 „'terrae,
634 737 745 774 maris
769 740 806 774 et
829 737 921 783 coeli
944 738 1163 784 generisque
1178 734 1442 774 animantum.“
1517 729 1521 734 ⁶

275 803 527 852 cf.11‚865;
557 805 606 844 ib
637 805 757 853 10583
785 805 832 853 V,
862 806 948 848 187.

381 876 458 916 Sed
484 876 544 917 his
571 877 610 916 in
637 878 839 918 sententiis
859 877 1070 918 difficultas
1093 844 1287 928 quaedam
1313 877 1421 926 latet,
1450 877 1516 917 ubi
1542 877 1638 927 legi-

240 949 244 952 ’
274 952 357 989 tur:
388 961 665 1000 ,quaecunque
689 951 793 990 inter
819 962 860 990 se
887 954 1050 1000 possent-
1066 961 1274 1000 congressa
1301 961 1445 998 creare,
1472 953 1640 999 pertem—

276 1024 426 1072 ptare.“
490 1022 591 1061 Dum
627 1024 727 1063 enim
767 1024 856 1064 hinc
898 1035 1044 1063 summo
1062 1035 1197 1073 :opere
1233 1023 1457 1072 exponitur,
1493 1025 1641 1062 atomos

275 1096 416 1136 mentis
444 1096 670 1147 consiliique
697 1100 878 1147 expertas
905 1092 1002 1147 esse,
1039 1097 1144 1137 illinc
1173 1096 1395 1144 affirmatur,
1433 1107 1513 1145 eaS,
1541 1107 1641 1146 quae

277 1169 427 1210 efficere
467 1171 635 1219 possint,
675 1173 947 1220 pertemptare.
1020 1171 1121 1211 Huic
1161 1173 1290 1210 autem
1331 1171 1643 1220 „pertemptare“

275 1243 421 1293 aliquid
446 1244 602 1283 maioris
629 1244 823 1292 momenti,
855 1236 987 1294 quam
1003 1255 1151 1283 merum
1178 1238 1309 1284 casum
1336 1252 1492 1283 caecum
1517 1243 1645 1282 inesse
1670 1280 1674 1290 ,

276 1315 461 1355 fatebitur
486 1316 532 1364 is,
561 1317 628 1366 qui
655 1319 695 1356 et
721 1317 846 1357 locum
871 1317 985 1356 modo
1013 1303 1060 1356 de
1078 1316 1209 1356 mundi
1236 1317 1429 1356 creatione
1447 1315 1646 1356 laudatum

277 1391 425 1429 attente
452 1389 662 1439 perlegerit
688 1392 728 1429 et
753 1390 895 1429 multos
922 1390 1019 1429 alios
1046 1390 1164 1438 locos,
1202 1389 1340 1440 quibus
1367 1392 1508 1429 natura
1535 1401 1642 1430 crea-

278 1463 354 1502 trix
380 1463 609 1511 illustratur,
636 1464 677 1502 in
694 1463 866 1503 Lucretii
892 1463 1000 1503 libris
1027 1463 1172 1513 passim
1200 1466 1447 1503 occurrentes
1474 1463 1576 1502 inter
1601 1473 1644 1502 se

279 1537 524 1587 compararit.
552 1537 688 1576 Plures
723 1538 823 1576 enim
849 1536 924 1576 huc
945 1537 1160 1576 sententiae
1187 1536 1317 1576 afferri
1343 1540 1517 1586 possunt,
1546 1547 1646 1587 quae

279 1621 327 1650 ex
361 1610 437 1650 illis
478 1611 525 1650 de
566 1613 779 1650 atomorum
815 1613 956 1650 natura
996 1610 1109 1651 dictis
1143 1610 1317 1650 ducenda
1353 1621 1429 1650 non
1455 1610 1645 1650 videntur.

279 1684 408 1723 Primo
445 1684 530 1724 loco
565 1679 937 1723 commemorandum
974 1688 1052 1732 est,
1102 1684 1210 1723 varia
1251 1687 1465 1723 atomorum
1505 1695 1648 1733 genera

280 1758 407 1796 omnia
438 1757 601 1797 invicem
633 1757 845 1797 consociari
864 1768 956 1815 ⁴non
970 1775 973 1779 ’
987 1764 1123 1808 posse,
1159 1757 1227 1796 sed
1266 1768 1312 1796 ea
1345 1760 1512 1806 tantum,
1550 1768 1648 1807 quae

281 1831 414 1876 similis
441 1817 603 1870 naturae
631 1831 709 1870 sint
732 1834 773 1870 et
799 1820 981 1880 congrua,
1009 1842 1058 1870 ne
1076 1833 1256 1880 portenta
1282 1834 1530 1880 monstraque
1558 1842 1648 1870 eva-

280 1903 375 1943 dant
384 1907 423 1943 et
433 1907 476 1943 ut
486 1904 655 1953 quidque
665 1915 786 1954 genus
797 1915 910 1943 suum
919 1908 1133 1952 conservet,
1150 1904 1286 1943 deinde
1300 1903 1457 1943 foedera
1464 1904 1649 1953 legesque

281 1988 367 2017 esse
394 1981 568 2027 naturae,
598 1964 737 2028 quibus
766 1978 956 2033 sancitum
984 1981 1131 2027 exstet,
1150 1971 1254 2027 quid
1268 1977 1353 2017 fieri
1379 1978 1520 2027 possit,
1558 1966 1651 2027 quid

279 2050 367 2090 fieri
390 2062 466 2091 ιιοιι
489 2052 632 2101 possit,
672 2055 816 2091 certam
849 2052 966 2091 rebus
998 2052 1124 2091 inesse
1158 2051 1380 2092 facultatem
1421 2062 1650 2101 caecamque

280 2128 459 2166 naturam
486 2129 564 2166 cet:
594 2125 641 2166 cf.
669 2126 772 2166 inter
797 2126 939 2166 multos
968 2115 1063 2166 alios
1090 2126 1196 2167 locos
1224 2126 1408 2176 imprimis
1435 2125 1525 2166 hos:

281 2201 310 2246 1,
336 2202 421 2236 173:
470 2200 604 2246 „certis
627 2200 665 2235 in
688 2200 796 2236 rebus
819 2200 914 2235 inest
937 2203 1078 2236 secreta
1105 2198 1297 2237 facultas.“

280 2274 331 2311 ib.
355 2275 441 2311 586:
466 2274 579 2320 „quid
603 2284 768 2320 quaeque
793 2277 939 2320 queant,
963 2285 1029 2320 per
1050 2274 1200 2310 foedera
1221 2262 1362 2310 naturai
1437 2303 1439 2305 .
1511 2289 1527 2298 ·¹

468 2331 581 2376 „quid
603 2342 710 2376 porro
734 2334 917 2377 nequeant
940 2332 1118 2371 sancitum
1141 2332 1434 2377 quandoquidem
1461 2331 1614 2369 exstat.“

282 2400 330 2436 ib.
358 2401 441 2436 778:
468 2402 530 2446 „at
552 2399 749 2446 primordia
771 2395 968 2446 gignundis
992 2400 1030 2436 in
1053 2401 1163 2437 rebus
1187 2411 1336 2436 neeesse
1366 2404 1423 2437 est

469 2460 658 2503 „naturam
682 2457 944 2492 clandestinam
969 2468 1187 2503 caecamque
1212 2457 1398 2501 adhibere,

469 2514 649 2560 „emineat
673 2525 717 2549 ne
744 2514 841 2560 quid,
868 2515 965 2560 quod
990 2518 1115 2551 contra
1138 2517 1275 2561 pugnet
1300 2518 1336 2551 et
1360 2515 1489 2560 obstet,

470 2574 683 2620 „quominus
708 2584 788 2609 esse
814 2577 925 2619 queat
947 2575 1093 2620 proprie
1118 2574 1360 2620 quodcunque
1386 2571 1563 2609 creatur.“

1358 2631 1406 2669 4*
