1968 2859
1556 116 1609 157 n

234 234 311 264 non
334 223 579 263 interiectum
605 223 669 271 sit,
696 222 799 262 inter
824 233 866 262 se
894 223 1114 270 cohaerent,
1145 223 1270 261 solida
1298 225 1368 270 est,
1396 233 1484 261 eum
1510 233 1608 261 nun-

235 307 350 347 quam
376 307 492 336 verae
518 299 652 346 partes
680 298 871 335 conventu
893 296 933 335 in
949 306 1068 335 vunam
1086 298 1256 334 atomum
1275 295 1500 335 conciliatae
1519 294 1611 342 sint,

234 371 303 411 sed
330 371 459 420 potius
486 380 617 410 omnes
645 373 804 409 aeterna
831 370 1076 418 simplicitate
1102 369 1305 419 pollant.*)

341 443 489 491 Quibus
519 442 696 483 omnibus
724 446 900 492 apparet,
928 445 1098 482 atomum
1125 442 1317 481 minimam
1345 441 1609 491 (perparvam)

236 526 335 562 esse,
363 515 454 564 quia
481 515 645 563 amplius
673 515 791 554 dividi
820 526 895 554 non
922 517 1073 563 potest;
1103 518 1145 553 at
1172 526 1247 554 non
1275 515 1330 554 ita
1357 518 1417 553 est
1443 515 1610 561 minima,

235 598 280 627 ac
317 587 349 626 si
383 598 446 626 res
479 587 605 626 minor
641 598 766 637 neque
794 590 921 626 exstet
957 598 1083 637 neque
1119 587 1281 637 cogitari
1317 587 1457 636 possit,
1494 586 1609 626 immo

235 672 327 701 vero
363 661 439 699 alia
462 657 627 700 ¹atomus
665 661 742 699 alia
767 661 892 699 minor
929 671 1014 700 esse
1042 663 1191 709 potest,
1229 672 1316 699 cum
1348 660 1610 709 magnitudine

234 734 397 774 maxime
424 735 526 788 inter
561 745 603 774 se
631 734 920 784 distinguantur
953 733 1000 773 cf.
1029 733 1080 781 Π,
1108 734 1183 773 381
1214 745 1321 783 seqq.
1376 734 1464 773 Non
1490 733 1610 783 igitur

235 807 449 856 putandum
477 810 548 854 est,
585 810 755 846 atomum
782 807 882 846 idem
910 818 1016 854 esse,
1055 807 1159 856 quod
1185 810 1369 855 punctum
1397 810 1442 845 ut
1467 807 1524 845 ita
1550 806 1610 846 di-

236 892 321 921 cam
354 880 667 921 mathematicum
706 881 808 921 omni
836 880 1056 921 extentione
1090 879 1312 930 ambituque
1346 891 1507 930 prorsus
1543 891 1609 920 ca-

236 965 348 1000 rens;
384 954 557 1003 alioquin
593 954 694 993 enim
729 954 832 1003 quod
865 954 991 1003 ipsum
1027 953 1290 1002 magnitudine
1319 957 1487 1001 careret,
1524 964 1609 992 eam

235 1026 354 1068 rebus
386 1027 425 1066 in
460 1027 650 1067 concretis
687 1026 876 1082 efficeret3
918 1026 986 1066 sed
1018 1025 1091 1066 hoc
1125 1037 1211 1066 cum
1246 1026 1452 1076 principio:
1490 1025 1610 1075 „nihil

236 1111 285 1139 ex
310 1100 453 1139 nihilo“
482 1103 684 1148 pugnaret.
731 1101 922 1139 Punctum
949 1100 1257 1139 mathematicum
1286 1100 1463 1148 partibus
1490 1103 1609 1147 caret,

238 1173 330 1222 quia
362 1173 516 1212 omnino
550 1184 704 1222 quaque
733 1173 953 1212 extentione
987 1184 1122 1211 carens
1159 1172 1427 1221 incorporeum
1463 1173 1610 1222 cogita-

235 1249 321 1293 tur3
356 1249 507 1285 atomus
541 1249 669 1286 autem
706 1246 885 1295 partibus
922 1249 1045 1293 caret,
1085 1246 1258 1295 quamvis
1294 1246 1436 1286 habeat
1469 1257 1610 1296 corpus

237 1319 592 1369 extentionemque‚
621 1320 711 1369 quia
738 1319 862 1359 solida
888 1322 960 1359 est.
1017 1320 1138 1359 Porro
1166 1320 1304 1359 atomis
1332 1320 1501 1369 aliquam
1528 1331 1609 1359 ma-

238 1393 474 1443 gnitudinem
503 1393 629 1432 inesse
657 1394 749 1433 item
777 1393 978 1433 sententiis
1017 1394 1065 1433 de
1094 1395 1210 1434 variis
1236 1397 1449 1433 atomorum
1475 1392 1610 1443 figuris

237 1466 338 1505 infra
366 1466 589 1505 exhibendis
616 1466 825 1514 probatum
854 1467 957 1516 quod
985 1468 1084 1505 enim
1114 1468 1215 1506 omni
1243 1468 1462 1507 extentione
1490 1470 1610 1515 caret,

237 1539 276 1579 id
303 1539 456 1579 minime
483 1538 608 1589 figura
641 1539 858 1588 praeditum
894 1550 979 1578 esse
1014 1542 1154 1589 potest.
1226 1540 1403 1589 Denique
1431 1540 1463 1578 si
1491 1540 1610 1578 atomi

214 1623 401 1662 >corpora
428 1615 530 1660 sunt,
559 1613 778 1652 necessario
798 1612 994 1660 ambitum,
1023 1603 1115 1651 licet
1129 1613 1180 1651 sit
1198 1624 1425 1661 perparvus,
1453 1613 1609 1651 habent.

236 1790 266 1831 *)
288 1789 434 1831 Antiquo
464 1789 530 1822 iam
557 1793 704 1830 tempore
734 1799 800 1821 non
830 1791 911 1821 satis
939 1794 1029 1822 recte
1050 1790 1133 1821 haec
1156 1789 1309 1821 videntur
1331 1799 1406 1822 esse
1429 1790 1610 1829 intellecta,

360 1853 436 1876 nam
466 1852 549 1885 quae
577 1842 771 1875 Lactantius
794 1842 835 1875 de
864 1843 914 1875 ira
941 1842 995 1875 dei
1018 1851 1090 1884 cap.
1123 1843 1153 1875 X
1182 1843 1304 1875 acriter
1332 1842 1547 1885 reprehendit
1575 1843 1610 1875 in

361 1896 523 1937 Leucippi
550 1890 711 1935 doctrina,
739 1900 877 1936 atomos,
906 1896 934 1927 si
962 1905 1100 1936 asperae
1131 1900 1163 1927 et
1192 1896 1366 1937 angulatae
1397 1901 1429 1928 et
1457 1897 1609 1929 hamatae

362 1948 437 1988 sint,
473 1951 509 1979 ut
542 1946 671 1989 possint
702 1947 895 1987 cohaerere,
931 1947 1082 1979 dividuas
1117 1957 1246 1987 quoque
1279 1951 1312 1979 et
1340 1948 1504 1980 secabiles
1536 1957 1609 1980 esse

361 1999 501 2040 debere,
533 1999 668 2032 dubium
689 2009 755 2032 non
776 2000 977 2040 relinquunt,
1006 1999 1085 2041 quin
1106 2000 1302 2033 Lactantius
1326 2000 1545 2033 differentiam
1567 1999 1609 2032 ab

360 2052 520 2084 Atomicis
548 2052 636 2083 inter
661 2061 756 2084 veras
786 2056 1015 2084 concretarum
1041 2061 1152 2084 rerum
1174 2056 1285 2093 partes
1309 2056 1342 2084 et
1364 2056 1546 2085 atomorum
1567 2051 1609 2083 ob

361 2104 561 2139 soliditatem
588 2105 682 2146 quasi
709 2109 821 2147 partes
845 2109 999 2138 statutam
1027 2115 1093 2137 non
1121 2105 1249 2138 viderit.
1283 2105 1425 2137 Atomici
1456 2104 1609 2136 nimirum

359 2158 444 2190 hanc
473 2158 693 2190 differentiam
720 2167 757 2190 re
785 2168 865 2190 vera
893 2168 958 2190 non
986 2158 1089 2199 magis
1119 2158 1351 2199 probaverunt,
1383 2168 1479 2198 quam
1506 2158 1610 2189 multa

360 2208 427 2242 alia
447 2213 573 2241 tantum
595 2209 800 2242 affirmarunt
822 2210 976 2242 sensibus
998 2210 1146 2251 probata,
1169 2219 1315 2250 saneque
1331 2209 1421 2241 aliud
1437 2213 1498 2249 est,
1522 2209 1610 2250 quod

359 2262 552 2295 Lactantius
575 2262 639 2295 sibi
659 2267 887 2305 proposuerat,
908 2263 1075 2297 refutandi
1090 2273 1190 2296 causa
1214 2262 1385 2297 doctrinae
1401 2261 1609 2296 infirmitates

361 2315 578 2357 investigare,
611 2315 700 2347 aliud
734 2325 797 2356 quo
832 2314 927 2348 modo
963 2320 1113 2348 auctores
1147 2325 1201 2347 res
1235 2315 1299 2347 sibi
1333 2315 1527 2356 effinxerint,
1559 2315 1608 2347 in—

361 2367 501 2408 quirere.
523 2368 626 2400 Nemo
649 2376 793 2408 unquam
815 2376 914 2399 sanus
937 2377 1003 2400 non
1024 2368 1161 2408 videbit,
1188 2371 1290 2400 totam
1322 2367 1507 2400 doctrinam
1528 2366 1608 2400 diffi-

359 2420 536 2453 cultatibus
568 2419 867 2461 discrepantiisque
896 2420 1065 2453 abundare
1095 2430 1191 2461 quam
1219 2421 1369 2453 maxime.
1408 2420 1494 2453 Aliis
1521 2421 1608 2453 enim

359 2472 499 2512 omissis,
531 2473 615 2505 hanc
645 2476 772 2504 tantum
801 2482 1034 2504 commemoro:
1072 2472 1239 2513 Quomodo
1272 2473 1357 2504 ratio
1394 2474 1539 2505 humana
1567 2482 1607 2505 ex

359 2523 475 2557 atomis
498 2524 692 2566 explicanda
714 2525 788 2556 est?
810 2524 897 2556 Num
920 2533 961 2556 ex
982 2529 1161 2556 atomorum
1184 2524 1433 2557 declinatione?
1456 2525 1497 2556 cf.
1514 2525 1604 2558 Lact.

358 2578 400 2612 de
422 2577 553 2620 opificio
575 2577 630 2611 dei
651 2585 722 2619 cap.
744 2577 800 2610 VI.
