1968 2859
355 83 409 127 40

360 192 507 241 „recte
531 188 725 236 ferentur,
767 189 931 238 primum
967 189 1043 228 erit
1083 190 1156 230 hoc
1199 192 1310 241 quasi
1346 192 1564 242 provincias
1597 190 1735 230 atomis

360 262 489 314 „dar-e,
519 273 618 313 quae
646 265 765 309 recte,
795 274 894 312 quae
922 262 1076 312 oblique
1105 263 1318 312 ferantur“,
1346 265 1406 303 his
1434 264 1561 303 verbis
1591 275 1734 313 suppo—

357 347 465 383 nenS,
494 336 597 385 quod
624 336 817 384 Epicurus
846 347 938 375 sane
967 348 1041 375 non
1070 337 1218 384 docuit3
1249 341 1434 387 quantum
1463 338 1561 377 enim
1582 349 1629 377 ex
1650 338 1734 376 eius

357 409 530 458 reliquiis
559 410 700 448 scimus
729 412 770 448 et
792 421 839 447 ex
859 410 917 456 iis,
947 421 1046 458 quae
1074 414 1249 448 veterum
1277 411 1341 449 alii
1369 411 1416 449 de
1444 412 1515 449 hac
1543 423 1585 449 re
1614 411 1735 449 tradi-

357 482 509 529 derunt,
537 493 734 531 nunquam
763 481 879 530 dixit,
916 493 1048 521 omnes
1077 486 1226 521 atomos
1254 483 1293 521 in
1321 483 1480 521 eandem
1508 483 1581 522 loci
1609 483 1734 533 regio-

356 567 442 596 nem
472 555 686 602 declinare,
714 555 847 604 itaque
876 556 1130 607 alia-atomus
1159 555 1258 594 hanc
1285 556 1324 594 in
1349 557 1563 604 regionem,
1593 557 1670 595 alia
1697 557 1736 594 in

356 629 461 670 illam
490 629 684 668 declinare
717 632 868 677 potest,
911 628 1013 678 quod
1050 629 1131 667 sine
1165 628 1280 667 dubio
1310 629 1479 668 Lucretii
1507 629 1625 668 verba
1656 630 1736 680 „in-

357 705 474 742 certis
502 702 578 741 loci
606 702 780 751 spatiis“,
814 702 846 739 si
876 708 1009 740 nostra
1037 702 1239 751 explicatio
1268 714 1386 751 supra
1413 702 1504 741 data
1531 706 1638 742 recta
1665 706 1737 751 est,

356 776 535 826 probant,
584 776 666 814 Nec
694 779 765 823 est,
794 787 863 814 cur
889 776 1095 824 Epicurus,
1125 777 1190 825 qui
1218 776 1394 824 profecto
1422 777 1548 815 omnia
1575 779 1624 817 ad
1651 776 1737 815 libi-

358 850 485 889 dinem
512 848 633 896 finxit,
671 849 743 888 hac
770 849 809 887 in
837 860 879 887 re
908 849 1046 887 atomis
1075 849 1200 888 minus
1227 850 1445 898 provincias
1474 850 1567 889 dare
1595 849 1737 889 debue-

357 908 429 971 rit,
460 935 575 972 quam
603 923 730 962 varias
758 923 1061 971 magnitudines,
1097 922 1261 971 figuras,
1291 923 1462 971 pondera
1488 923 1535 961 iis
1563 923 1739 962 tribuens

357 996 460 1036 idem
487 995 589 1035 fecit.
645 995 794 1034 Deinde
823 995 978 1044 Cicero,
1022 996 1088 1045 qui
1117 996 1164 1034 de
1192 995 1256 1034 fin.
1285 996 1315 1044 Ι,
1347 996 1393 1035 16
1422 996 1622 1045 gloriatur,
1666 996 1739 1035 sibi

358 1082 490 1109 omnes
518 1070 677 1118 Epicuri
706 1070 918 1107 sententias
954 1070 1050 1107 satis
1078 1074 1191 1107 notas
1220 1081 1323 1115 esse,
1361 1071 1486 1107 animo
1524 1082 1593 1107 suo
1628 1070 1738 1107 nimis

357 1142 559 1191 indulgere
597 1141 751 1180 videtur
790 1141 879 1179 libri
916 1141 963 1180 de
1000 1140 1068 1179 fat.
1106 1141 1126 1190 ξ
1154 1142 1205 1181 22
1239 1141 1367 1181 verbis
1404 1141 1527 1180 hisce:
1577 1142 1739 1192 „Itaque

359 1216 526 1265 „tertius
554 1216 710 1266 quidam
747 1219 875 1253 motus
904 1216 1028 1253 oritur
1056 1219 1167 1254 extra
1193 1216 1344 1264 pondus
1373 1219 1413 1254 et
1440 1216 1615 1264 plagam,
1654 1227 1739 1254 cum

360 1290 554 1339 „declinat
580 1292 733 1329 atomus
761 1277 964 1328 intervallo
993 1289 1184 1328 minimo.“
1219 1290 1271 1327 At
1298 1301 1373 1328 non
1392 1289 1531 1328 statuit
1548 1289 1740 1338 Epicurus

359 1367 440 1403 tres
477 1363 651 1403 diversas
686 1367 814 1401 motus
852 1373 1009 1409 causas,
1054 1362 1122 1401 sed
1151 1362 1247 1400 duas
1276 1366 1446 1409 tantum,
1488 1374 1573 1401 cum
1601 1362 1739 1411 plagae

358 1438 509 1477 ictusve
536 1436 687 1475 nonnisi
716 1436 972 1475 declinatione
1001 1435 1227 1483 efficiantur,
1261 1436 1363 1485 quod
1390 1436 1556 1485 probant
1582 1436 1740 1485 Epicuri

359 1511 482 1560 ipsius
510 1509 630 1548 verba
657 1509 762 1558 apud
789 1509 837 1547 D.
859 1509 901 1547 L.
922 1509 970 1556 X,
998 1510 1068 1547 44:
1099 1508 1123 1560 ἦ
1151 1510 1191 1549 τὲ
1219 1506 1425 1563 στερεότης
1454 1508 1478 1560 ἦ
1508 1506 1741 1562 ὑπάρχουσα

357 1583 501 1630 ἀὐταῖς
521 1582 640 1636 ,κατὰ
675 1581 745 1634 τὴν
782 1579 1022 1636 σύγκρουσιν
1049 1583 1116 1622 τὸν
1149 1582 1390 1633 ἅποπαλμόν
1428 1587 1561 1629 ποιεῖ,
1597 1582 1661 1636 ἐφ’
1699 1581 1740 1623 ὁ-

360 1655 485 1698 πόσον
519 1654 567 1697 liv
599 1654 624 1707 ἦ
656 1656 882 1710 περιπλοκὴ
920 1656 989 1707 τὴν
1026 1654 1348 1697 ἀποκατάστασιν
1383 1656 1426 1696 ἐκ
1453 1661 1523 1708 τῆς
1550 1653 1740 1711 συγκρού-

363 1746 465 1778 σεως
484 1731 599 1782 διδῷ,
627 1730 667 1768 id
696 1734 758 1769 est
786 1733 976 1779 quatenus
1005 1729 1106 1769 forte
1134 1730 1251 1769 atomi
1280 1729 1414 1778 figuris
1431 1742 1506 1769 non
1522 1730 1739 1778 implicatae

360 1808 451 1854 post
479 1815 708 1843 concursum
737 1815 784 1842 ex
812 1803 1067 1842 declinatione
1095 1803 1239 1843 factum
1269 1803 1478 1851 dissiliant;
1522 1803 1624 1853 quod
1652 1803 1739 1842 illu-

360 1882 510 1917 stratur
551 1878 761 1925 sententia,
801 1889 900 1927 quae
936 1878 1021 1916 loco
1058 1878 1215 1916 laudato
1252 1878 1471 1925 praecedit;
1518 1877 1742 1926 conspirant

361 1963 515 2002 quoque
543 1951 603 1990 his
631 1951 678 1999 X,
707 1951 755 1990 61
785 1951 955 2000 prolata:
991 1949 1041 2003 „72⁴
1069 1950 1127 1998 εἰς
1153 1951 1197 1991 τὸ
1225 1949 1394 2003 πλάγιον
1422 1950 1492 1992 διὰ
1519 1955 1597 1991 τῶν
1624 1946 1739 2005 κρού-

360 2041 462 2066 σεων
496 2021 639 2080 φορά.“
700 2025 781 2064 Nec
817 2036 892 2063 non
925 2025 1117 2064 consentit
1154 2024 1260 2063 Stob.
1297 2024 1365 2063 ecl.
1401 2024 1510 2073 phys.
1539 2024 1569 2072 I,
1609 2025 1668 2072 14,
1699 2025 1738 2062 l:

361 2104 567 2140 κινεῖσθαι
596 2099 639 2138 δὲ
666 2099 714 2140 τὰ
742 2098 870 2149 ἄτομα
897 2096 984 2139 τότε
1011 2099 1082 2149 μὲν
1109 2097 1208 2139 κατὰ
1235 2095 1431 2148 στάθμην,
1458 2096 1546 2138 τότε
1575 2098 1616 2137 δὲ
1642 2098 1740 2139 κατὰ

360 2173 632 2227 παρέγκλισιν·
674 2172 723 2212 τὰ
756 2172 799 2211 δὲ
835 2170 918 2212 ἄνω
959 2170 1173 2222 κινούμενα
1207 2171 1307 2211 κατὰ
1347 2168 1500 2223 πλήγην
1534 2173 1599 2211 καὶ
1641 2171 1741 2211 ἀπο-

361 2245 537 2297 παλμόν;
574 2246 624 2285 ib.
655 2246 716 2293 19,
747 2247 788 2284 l:
824 2245 945 2285 Ἐπίκ.
975 2241 1048 2285 δύο
1077 2247 1164 2296 εἴδη
1193 2241 1385 2297 κινήσεως
1419 2245 1464 2286 τὸ
1492 2245 1590 2285 κατὰ
1618 2242 1740 2285 στάθ-

359 2337 438 2372 μην
472 2322 538 2360 καὶ
572 2320 617 2360 τὸ
654 2319 753 2361 κατὰ
787 2320 1059 2371 παρέγκλισιν.
1122 2320 1207 2358 Vox
1243 2320 1502 2374 παρέγκλισις
1537 2319 1630 2357 nihil
1666 2319 1739 2357 nisi

361 2394 656 2433 declinationem
695 2397 818 2432 sonat.
883 2392 929 2433 cf.
967 2393 1218 2442 Pseudoplut.
1255 2393 1279 2431 l.
1310 2405 1341 2432 0.
1380 2393 1409 2440 Ι,
1441 2394 1500 2440 12,
1538 2392 1599 2432 23.
1656 2393 1741 2440 Qua

359 2468 510 2507 ratione
551 2468 744 2517 Epicurus
794 2470 1009 2506 atomorum
1060 2467 1313 2505 declinatione
1363 2466 1525 2504 liberum
1577 2466 1739 2504 hominis

359 2541 564 2581 arbitrium
593 2541 854 2591 explicaverit,
892 2540 1006 2579 docet
1034 2540 1168 2579 Cicero
1198 2540 1244 2579 de
1272 2539 1352 2578 fato
1380 2540 1410 2587 I,
1440 2539 1460 2589 ξ
1488 2540 1559 2579 22:
1604 2539 1738 2587 „Hanc
